2667 3984
208 284 252 349 22
520 300 663 349 mamus
682 298 728 348 na
748 299 901 349 imorum

298 469 367 529 XV.
402 467 450 532 Μ.
478 469 552 531 Non
576 488 649 547 ergo
675 477 768 531 erunt
794 469 937 532 homines
965 470 1087 533 deliciis
1115 469 1214 532 difflu-

258 573 346 627 entes
365 567 523 642 audiendi,
541 567 569 627 si
587 567 713 645 quando
733 568 772 628 de
793 568 941 643 amicitia,
960 587 1053 648 quam
1076 588 1133 629 nec
1155 589 1214 631 usu

258 682 314 723 nec
330 664 450 724 ratione
464 664 581 725 habent
598 664 764 741 cognitam,
779 665 994 744 disputabunt.
1037 667 1121 726 Nam
1141 667 1213 745 quis

258 767 306 821 cst
327 762 396 839 (pro
415 762 542 821 deorum
563 761 656 821 fidem
679 770 774 840 atque
795 761 971 844 hominum)
994 764 1048 842 qui
1069 764 1157 839 velit,
1178 771 1214 823 ut

206 872 222 918 o
258 877 358 936 neque
381 858 494 934 diligat
516 877 703 938 quemquam
726 877 782 919 neo
804 859 873 938 ipse
897 860 936 921 ab
960 859 1025 920 ullo
1050 861 1211 936 diligatur,

257 955 469 1015 circumfluere
490 956 634 1016 omnibus
655 956 754 1034 copiis
775 962 868 1034 atque
891 957 925 1016 in
947 957 1085 1017 omnium
1108 977 1210 1017 rerum

257 1052 451 1113 abundantia
467 1053 599 1112 vivere?
641 1053 729 1113 llaec
748 1053 832 1112 enim
852 1060 901 1114 est
919 1060 1124 1132 tyrannorum
1144 1055 1213 1114 vita

257 1149 415 1224 nimirum,
438 1150 471 1209 in
492 1169 555 1227 qua
575 1148 663 1209 nulla
683 1149 771 1223 fides,
791 1149 880 1210 nulla
899 1150 1022 1225 caritas,
1042 1151 1132 1211 nulla
1152 1160 1213 1212 sta-

257 1246 331 1307 bilis
351 1246 586 1307 benevolentiae
607 1251 711 1324 potest
731 1265 799 1307 esse
820 1246 944 1321 fiducia,
962 1248 1068 1308 omnia
1087 1266 1212 1326 semper

207 1357 237 1404 ιο
257 1350 403 1421 suspecta
442 1350 536 1421 atque
578 1343 722 1417 sollicita,
764 1342 871 1404 nullus
914 1344 999 1404 locus
1041 1345 1208 1407 amicitiae.
1323 1392 1326 1396 A

256 1439 305 1501 53.
334 1441 411 1511 Quis
439 1440 522 1500 enim
550 1445 605 1500 aut
632 1458 703 1499 eum
731 1440 854 1516 diligat,
879 1459 971 1519 quem
998 1446 1128 1516 metuat,
1156 1450 1211 1501 aut

256 1556 337 1611 eum,
359 1556 461 1615 aquo
483 1555 516 1597 se
538 1536 636 1597 metui
658 1538 774 1615 putet?
817 1536 970 1598 Coluntur
989 1545 1095 1597 tamen
1118 1539 1221 1612 simu·⁴

257 1634 373 1694 latione
398 1634 564 1694 dumtaxat
587 1634 628 1694 ad
652 1639 784 1712 tempus.
833 1634 923 1705 Quod
947 1635 973 1695 si
998 1635 1090 1709 forte,
1112 1642 1150 1694 ut
1174 1636 1211 1695 fit
1324 1656 1327 1701 ῑ

256 1731 448 1809 plerumque,
464 1732 651 1804 ceciderunt,
667 1736 735 1790 tum
754 1730 958 1808 intellegitur,
976 1750 1069 1808 quam
1089 1733 1211 1792 fuerint
1326 1776 1327 1781 η

207 1845 235 1891 15
256 1829 365 1906 inopes
386 1829 563 1888 amicorum.
610 1828 699 1899 Quod
720 1828 925 1905 Tarquinium
947 1828 1065 1888 dixisse
1090 1829 1210 1904 ferunt,

256 1932 324 1985 turn
351 1925 546 1986 exsulantem
578 1943 611 1984 se
642 1924 847 1999 intellexisse,
876 1943 954 2002 quos
985 1924 1063 1984 fidos
1092 1926 1211 1986 amicos
1316 1979 1322 1989 ,

255 2022 427 2097 habuisset,
449 2041 527 2100 quos
548 2021 672 2095 infidos,
694 2040 763 2081 cum
785 2022 848 2081 iam
869 2021 990 2081 neutris
1011 2022 1142 2097 gratiam
1167 2041 1212 2081 re·

256 2120 339 2179 ferre
364 2126 476 2197 posset.
547 2117 594 2179 54.
624 2118 820 2196 Quamquam
847 2118 953 2194 miror,
978 2117 1036 2179 illa
1062 2119 1213 2196 superbia
1325 2110 1326 2113 ¹

255 2223 288 2276 et
305 2216 542 2295 importunitate
559 2215 586 2275 si
603 2234 792 2292 quemquam
809 2215 943 2275 amioum
959 2215 1074 2274 habere
1094 2216 1210 2293 potuit.
1324 2248 1325 2255 ι

204 2330 235 2377 20
255 2313 361 2390 Atque
376 2319 412 2372 ut
425 2313 529 2386 huius,
545 2330 637 2389 quem
654 2311 731 2386 dixi,
747 2330 848 2372 mores
863 2330 953 2371 veros
967 2312 1083 2372 amicos
1098 2330 1211 2390 parare

255 2429 318 2469 non
337 2414 517 2488 potuerunt,
537 2410 583 2469 sic
603 2408 774 2467 multorum
793 2426 868 2486 opes
883 2409 1136 2487 praepotentium
1155 2429 1211 2469 ex·

255 2506 388 2566 cludunt
420 2505 578 2566 amicitias
608 2504 728 2564 fideles.
786 2505 861 2564 Non
887 2505 973 2564 enim
1005 2505 1106 2564 solum
1139 2505 1212 2583 ipsa

254 2604 395 2663 Fortuna
418 2621 510 2663 caeca
532 2608 590 2677 est,
619 2601 675 2661 sed
698 2619 751 2660 eos
776 2601 873 2661 etiam
899 2601 1084 2679 plerumque
1111 2601 1211 2662 efficit

255 2719 372 2775 caecos,
404 2719 482 2777 quos
511 2698 664 2777 conplexa
695 2706 760 2772 est;
798 2698 905 2776 itaque
937 2698 1113 2757 efferuntur
1140 2699 1210 2758 fere
1319 2736 1322 2737 ν

204 2815 233 2861 25
254 2797 386 2858 fastidio
407 2803 440 2857 et
460 2795 665 2869 contumacia,
685 2795 927 2873 necquicquam
950 2795 1123 2873 insipiente
1143 2795 1210 2855 for·

254 2901 366 2955 tunato
393 2892 627 2954 intolerabilius
655 2891 725 2951 fieri
753 2897 868 2971 potest.
916 2893 1021 2969 Atque
1052 2891 1110 2951 hoe
1138 2893 1209 2970 qui·

254 2994 327 3052 dem
350 2991 457 3050 videre
482 2990 568 3066 licet,
597 3007 659 3064 ecs,
689 2989 745 3067 qui
770 2994 864 3049 antea
887 2988 1058 3048 commodis
1086 2990 1210 3048 fuerint
1322 3034 1323 3037 ι

254 3089 403 3162 moribus,
430 3087 572 3165 imperio,
598 3091 764 3165 potestate,
790 3085 950 3164 prosperis
977 3085 1069 3145 rebus
1096 3085 1208 3145 immu-

254 3187 327 3262 tari,
346 3185 454 3264 sperni
470 3184 509 3243 ab
526 3184 573 3243 eis
590 3188 714 3243 veteres
735 3183 903 3258 amicitias,
923 3182 1081 3259 indulgeri
1101 3184 1205 3243 novis.

204 3299 233 3345 ao
254 3284 304 3345 65.
328 3283 411 3353 Quid
428 3287 533 3341 autern
547 3280 679 3341 stultius
694 3299 797 3358 quam,
815 3299 886 3339 curu
903 3279 1075 3358 plurimum
1090 3280 1203 3358 copiis,

254 3379 470 3451 facultatibus,
492 3377 604 3455 opibus
626 3378 760 3455 possint,
783 3383 887 3436 cetera
908 3396 1027 3455 parare,
1049 3396 1129 3454 quae
1152 3396 1206 3455 pa·

254 3481 365 3534 rantur
376 3475 518 3550 pecunia,
532 3492 638 3549 equoS,
652 3472 798 3545 famulos,
811 3478 932 3532 vestem
947 3473 1115 3550 egregiam,
1130 3492 1208 3534 vasa
