2667 3984
464 306 638 358 OHAPTERS
658 308 724 367 XV„
743 306 811 356 XVI.
1098 300 1139 363 23

137 483 287 562 pretiosa,
303 480 430 543 'amicos
457 498 519 539 non
543 498 662 557 parare,
688 479 840 556 optimam
862 484 894 538 et
915 478 1088 557 pulcherri-

138 600 221 640 mam
234 582 328 654 vitae,
344 582 381 636 ut
396 578 441 636 ita
456 576 567 651 dicam,
584 576 836 654 supellectilem?
857 577 974 636 etenim
986 583 1089 637 cetera

138 698 209 740 curn
234 681 356 755 parant,
386 675 438 734 oui
466 681 586 751 parent,
615 675 771 749 nesciunt,
800 693 857 733 nec
883 674 972 734 cuius
995 693 1090 735 causa

137 776 283 836 laborent
310 773 391 849 (eius
416 772 500 831 enim
526 777 575 831 est
600 771 733 831 istorum
756 772 905 849 quidque,
932 771 988 849 qui
1009 772 1089 832 vicit

138 872 285 950 viribus),
302 869 514 929 amicitiarum
530 887 586 928 sua
601 868 714 946 cuique
733 875 895 946 permanet
913 868 1038 929 stabilis
1056 876 1088 928 et
1124 881 1139 926 5

137 973 225 1028 certa
246 967 403 1046 possessio
410 989 418 1041 ;
442 973 487 1038 ut,
509 965 636 1025 etiamsi
659 965 717 1025 illa
738 971 893 1037 maneant
914 985 992 1043 quae
1014 971 1089 1025 sunt

137 1065 231 1144 quasi
245 1066 327 1124 dona
340 1065 505 1137 Fortunae,
524 1069 629 1122 tamen
644 1063 714 1121 vita
730 1062 851 1121 inculta
864 1068 896 1122 et
911 1064 1036 1122 deserta
1049 1064 1088 1123 ab

136 1162 248 1227 amicis
263 1180 327 1221 non
340 1160 442 1238 possit
457 1178 525 1219 esse
541 1160 686 1219 iucunda.
733 1159 794 1219 Sed
809 1160 885 1219 haec
900 1160 1060 1219 hactenus

177 1260 266 1324 XVI.
316 1257 365 1319 56.
401 1257 623 1317 Constituendi
648 1261 754 1316 autem
780 1262 863 1332 sunt,
889 1257 945 1334 qui
967 1258 1032 1317 sint
1054 1258 1087 1317 in

137 1355 280 1416 amicitia
301 1355 379 1413 fines
401 1361 433 1413 et
458 1354 549 1431 quasi
571 1354 701 1413 termini
723 1353 888 1430 diligendi.
945 1355 992 1412 De
1018 1354 1087 1431 qui·
1110 1368 1139 1412 10

70 1500 72 1504 .
137 1454 194 1513 bus
209 1461 274 1512 tres
289 1452 381 1511 video
397 1451 570 1511 sententias
586 1451 673 1524 ferri,
693 1470 826 1528 quarum
842 1450 963 1509 nullam
978 1452 1083 1528 probe,

136 1569 240 1625 unam,
259 1556 295 1610 ut
310 1550 417 1608 eodem
433 1550 523 1608 modo
538 1567 612 1624 erga
626 1549 761 1607 amioum
776 1548 882 1607 affecti
898 1549 1006 1622 simus,
1025 1568 1087 1626 quo

136 1658 211 1724 erga
224 1651 348 1706 nosmet
366 1646 461 1724 ipsos,
479 1645 621 1718 alteram,
641 1651 677 1705 ut
691 1650 800 1704 nostra
816 1645 848 1702 in
863 1646 980 1705 amicos
995 1646 1087 1704 bene·

136 1745 278 1805 volentia
290 1742 416 1802 illorum
432 1761 506 1819 erga
517 1761 573 1801 nos
588 1742 826 1802 benevolentiae
841 1743 961 1820 pariter
975 1761 1087 1820 aequa-

136 1841 274 1917 literque
299 1841 494 1917 respondeat,
523 1839 661 1913 tertiam,
687 1845 731 1914 ut,
757 1840 868 1916 quanti
894 1840 1028 1917 quisque
1054 1858 1087 1898 se
1111 1853 1138 1897 15

137 1938 206 2014 ipse
228 1937 334 2010 faciat,
354 1936 437 1996 tanti
459 1935 514 1995 fiat
534 1937 573 1996 ab
592 1936 712 1995 amicis
778 1936 827 1997 57.
853 1936 974 1994 Harum
990 1936 1087 1995 trium

137 2034 367 2093 sententiarum
386 2032 469 2091 nulli
491 2051 619 2110 prorsus
637 2033 802 2092 assentior.
847 2033 915 2092 Neo
930 2033 1015 2091 enim
1031 2033 1088 2092 ilia

137 2131 241 2208 prima
255 2149 330 2189 vera
344 2134 401 2204 est,
417 2135 462 2202 ut,
482 2148 575 2206 quem
589 2129 628 2188 ad
643 2130 770 2188 modum
785 2130 819 2187 iu
834 2147 867 2188 se
883 2131 1015 2207 quisque
1031 2130 1083 2203 sit,

137 2227 184 2287 sic
200 2227 237 2293 in
247 2227 382 2286 amicum
398 2226 442 2285 sit
457 2226 624 2285 animatus.
670 2226 768 2296 Quam
784 2226 885 2286 muita
899 2227 991 2299 enim,
1008 2245 1088 2302 quae

137 2329 246 2383 nostra
260 2342 353 2383 causa
367 2340 538 2400 numquam
552 2322 736 2395 faceremus,
753 2322 887 2382 facimus
903 2342 996 2382 causa
1010 2324 1088 2383 ami·
1110 2337 1139 2404 ao

137 2422 259 2480 corum!
283 2420 404 2497 precari
426 2420 465 2478 ab
485 2419 624 2495 indigno,
645 2419 833 2497 supplicare,
855 2426 924 2478 tum
945 2419 1087 2479 acerbius

139 2518 172 2576 in
193 2517 332 2595 aliquem
353 2516 463 2575 invehi
486 2517 697 2593 insectarique
712 2516 940 2591 vehementius,
960 2536 1039 2592 quae
1055 2517 1089 2574 in

138 2614 256 2673 nostris
281 2614 373 2672 rebus
399 2632 462 2671 non
487 2612 566 2672 satis
592 2611 731 2686 honeste,
759 2613 793 2671 in
815 2614 985 2672 amicorum
1008 2612 1089 2672 fiunt

137 2710 362 2769 honestissime
369 2732 376 2785 3
400 2709 580 2786 multaeque
602 2728 651 2768 res
673 2714 755 2784 sunt,
776 2709 809 2767 in
829 2709 944 2786 quibus
962 2709 1000 2769 de
1021 2711 1088 2769 suis

137 2807 310 2867 commodis
325 2806 389 2865 viri
408 2806 483 2865 boni
503 2806 603 2865 multa
618 2806 790 2865 detrahunt
805 2806 991 2882 detrahique
1007 2807 1089 2883 pati·
1110 2823 1139 2890 11

138 2909 244 2976 untur,
279 2910 315 2962 ut
348 2903 394 2962 eis
430 2902 525 2962 amici
560 2903 666 2980 potius
702 2922 795 2980 quarn
831 2903 894 2981 ipsi
928 2903 1085 2962 fruantur.

138 3000 188 3061 58.
214 3000 325 3059 Altera
340 3000 498 3059 sententia
514 3005 571 3071 est,
591 3019 671 3077 quae
686 2999 797 3059 definit
816 3000 990 3059 amicitiam
1005 3001 1088 3078 pari-

139 3098 196 3156 bus
218 3096 330 3156 officiis
353 3115 388 3156 ao
409 3095 637 3156 voluntatibus,
683 3097 753 3155 Hoc
774 3096 902 3173 quidem
924 3102 973 3156 est
993 3098 1089 3156 nimis

139 3193 253 3269 exigue
278 3199 310 3252 et
335 3193 463 3252 exiliter
487 3194 527 3252 ad
552 3193 688 3252 calculos
714 3211 824 3252 vocare
846 3193 1028 3266 amicitiam,
1053 3200 1091 3253 ut

138 3311 196 3368 par
218 3290 262 3349 sit
283 3291 365 3350 ratio
384 3295 583 3367 acceptorum
604 3298 636 3348 et
653 3291 807 3349 datorum.
853 3290 995 3349 Divitior
1009 3292 1089 3351 mihi
1112 3309 1140 3353 30

139 3393 172 3447 et
186 3386 364 3446 affluentior
378 3387 505 3446 videtur
519 3405 587 3446 esse
601 3406 676 3446 vera
690 3387 834 3446 amicitia
850 3406 907 3446 nec
924 3387 1089 3447 observare

139 3484 294 3556 restricte,
312 3502 352 3542 ne
371 3483 443 3560 pius
459 3484 569 3542 reddat
587 3498 680 3560 quarn
696 3483 866 3561 acceperim
889 3484 1090 3561 nequeenim
