2667 3984
148 328 189 392 14
459 346 666 395 amnuens
688 346 839 394 surcrrm

197 518 288 588 egeat
308 532 426 591 suaque
447 514 552 574 omnia
572 514 604 574 iu
628 532 660 575 se
683 514 753 592 ipso
775 513 878 592 posita
899 514 1025 589 iudicet,
1048 515 1095 575 ita
1119 515 1154 574 in

197 609 345 671 amicitiis
381 610 565 689 expetendis
604 610 803 689 colendisque
843 611 976 671 maxime
1014 611 1151 670 excellit.

197 706 280 776 Quid
298 706 407 766 enim?
452 707 619 768 Africanus
639 707 784 784 indigens
804 708 892 767 mei?
935 708 1066 767 Minime
1086 709 1155 766 her-

198 803 284 862 cule!
312 822 348 863 ac
369 822 407 863 ne
429 822 486 879 ego
506 804 632 882 quidem
654 802 759 879 illius3
788 803 843 864 sed
866 823 922 879 ego
945 804 1154 864 admiratione

147 913 162 958 t
198 900 332 977 quadam
355 901 482 962 virtutis
507 901 583 975 eius,
606 900 660 959 ille
682 900 821 962 vicissim
846 901 992 979 opinione
1017 902 1154 961 fortasse

198 1016 260 1056 non
274 997 371 1071 nulla,
386 1017 478 1075 qnam
494 998 532 1057 de
547 997 624 1058 meis
639 997 777 1058 moribus
795 997 938 1073 habebat,
954 1016 1003 1057 me
1021 997 1153 1072 dilexit,

198 1094 288 1153 auxit
301 1094 549 1154 benevolentiam
564 1095 764 1155 consuetudo.
807 1094 869 1154 Sed
887 1113 1074 1172 quamquam
1094 1094 1155 1153 uti-

198 1190 304 1250 litates
327 1190 444 1250 multae
469 1198 501 1250 et
524 1210 654 1267 magnae
679 1198 862 1251 consecutae
886 1198 969 1265 sunt,
991 1210 1052 1250 non
1077 1198 1155 1251 sunt

198 1294 303 1346 tamen
339 1288 378 1348 ab
413 1306 518 1347 aarum
555 1306 610 1366 spe
646 1306 757 1348 causae
793 1287 947 1364 diligendi
983 1289 1151 1365 profectae.

149 1397 177 1443 10
198 1382 246 1444 31.
280 1386 327 1445 Ut
357 1384 440 1443 enim
472 1385 601 1445 benefici
634 1384 841 1462 liberalesque
873 1404 989 1459 sumus,
1019 1404 1081 1444 non
1116 1392 1153 1446 ut

198 1481 359 1556 exigamus
388 1481 520 1557 gratiam
548 1482 662 1559 (neque
690 1482 773 1541 euim
801 1481 987 1541 beneficium
1014 1482 1154 1542 faenera

198 1596 276 1652 mur,
302 1578 357 1637 sed
384 1586 496 1638 natura
523 1579 671 1656 propensi
698 1579 739 1638 ad
766 1578 989 1638 liberalitatem
1019 1582 1152 1658 sumus),

199 1675 243 1734 sic
271 1675 442 1735 amicitiam
471 1694 533 1734 non
561 1694 616 1753 spe
643 1675 795 1735 mercedis
823 1675 959 1749 adducti,
985 1675 1040 1735 sed
1068 1676 1153 1752 quod

199 1772 299 1831 omnis
320 1772 388 1832 eius
410 1773 532 1832 fructus
554 1773 587 1832 in
609 1772 678 1849 ipso
701 1790 804 1831 amore
830 1772 921 1842 inest,
943 1772 1151 1849 expetendam

149 1882 177 1927 15
198 1874 352 1946 putamus.
428 1868 476 1929 32.
507 1869 557 1928 Ab
584 1870 644 1943 his,
674 1870 728 1946 qui
757 1869 911 1946 pecudum
939 1869 1003 1928 ritu
1034 1869 1075 1928 ad
1102 1889 1152 1928 vo

198 1965 352 2043 luptatem
390 1965 495 2025 omnia
531 1967 682 2039 referunt,
721 1965 812 2040 longe
854 1965 1055 2040 dissentiunt,
1094 1984 1151 2025 nec

199 2062 329 2136 mirum3
358 2061 439 2121 nihil
461 2062 544 2120 enim
566 2062 674 2136 altum,
694 2061 775 2120 nihil
797 2061 996 2138 magnificum
1018 2080 1053 2121 ac
1074 2062 1152 2121 divi-

198 2178 272 2217 num
297 2158 454 2236 suspicere
476 2163 617 2235 possunt,
639 2159 694 2235 qui
718 2177 790 2218 suas
815 2176 922 2218 omnes
946 2159 1151 2233 cogitationes

199 2255 378 2315 abiecerunt
395 2255 428 2313 in
446 2273 510 2313 rem
530 2261 595 2314 tam
614 2254 765 2313 humilem
785 2261 911 2331 tamque
930 2261 1149 2331 contemptam.

147 2366 178 2411 20
198 2353 298 2422 Quam
319 2352 358 2411 cb
379 2370 444 2410 rem
466 2352 522 2411 hos
544 2351 672 2428 quidem
695 2352 733 2410 ab
756 2352 813 2411 boc
837 2369 976 2411 sermone
998 2369 1153 2410 remorsa

199 2469 276 2523 mus,
302 2448 363 2526 ipsi
389 2457 492 2507 autern
521 2448 741 2523 intellegamus
769 2454 883 2508 natura
910 2448 997 2523 gigni
1025 2466 1151 2508 sensum

198 2546 351 2621 diligendi
376 2554 408 2604 et
432 2545 667 2604 benevolentiae
695 2546 858 2604 caritatem
886 2545 972 2604 facta
999 2544 1153 2620 significa

198 2644 284 2702 tione
307 2642 481 2720 probitatis.
533 2642 632 2711 Quam
657 2642 710 2718 qui
736 2641 967 2719 appetiverunt,
989 2641 1152 2718 applicant

199 2759 231 2800 se
256 2745 288 2799 et
312 2739 441 2815 propius
466 2738 642 2812 admovent,
666 2744 703 2797 ut
727 2745 759 2797 et
782 2757 841 2798 usu
866 2738 942 2812 eius,
966 2757 1058 2814 quem
1084 2737 1153 2796 dili-

148 2852 177 2896 25
199 2855 270 2912 gere
298 2841 474 2913 coeperunt,
500 2837 645 2894 fruantur
672 2841 705 2893 et
732 2835 878 2908 moribuS,
908 2834 1034 2911 sintque
1062 2853 1152 2911 pares

199 2934 233 2993 in
250 2952 353 2993 amore
370 2939 402 2991 et
418 2933 563 3008 aequales
583 2932 861 3009 propensioresque
881 2931 921 2990 ad
939 2931 1018 2990 bene
1037 2950 1153 2989 meren-

199 3032 273 3090 dum
294 3049 388 3108 quam
410 3030 449 3088 ad
470 3029 702 3106 reposcendum,
722 3034 816 3104 atque
837 3028 914 3087 haec
935 3027 1017 3086 inter
1037 3045 1088 3086 eos
1111 3026 1153 3086 sit

192 3128 330 3187 'honesta
350 3126 489 3186 certatio.
534 3126 584 3184 Sic
605 3131 637 3183 et
658 3125 813 3183 utilitates
835 3143 874 3183 ex
895 3124 1036 3183 amicitia
1057 3123 1153 3182 maxi-
1224 3141 1228 3146 ·
1321 3138 1323 3151 ’

199 3243 267 3283 mae
290 3226 461 3300 capientur,
484 3223 597 3281 eterit
620 3222 687 3281 eius
710 3227 797 3281 ortus
819 3241 839 3280 a
860 3227 973 3280 natura
995 3239 1089 3297 quam
1114 3220 1152 3278 ab

148 3335 179 3381 30
199 3320 416 3380 imbecillitate
435 3319 559 3395 gravior
576 3324 608 3377 et
627 3319 736 3377 verior.
781 3320 864 3377 Nam
886 3319 913 3377 si
934 3317 1058 3377 utilitas
1080 3315 1153 3376 ami-

199 3417 291 3477 citias
321 3416 559 3490 conglutinaret,
588 3416 694 3473 eadem
727 3419 917 3473 commutata
948 3413 1151 3485 dissolveret,

201 3513 256 3577 sed
273 3512 348 3594 quia
364 3517 478 3572 natura
496 3509 611 3572 mutari
630 3529 692 3571 non
711 3515 824 3591 potest,
839 3509 955 3571 idcirco
969 3528 1061 3572 verae
1080 3508 1154 3571 arui-

1315 2550 1323 2701 l

1318 2720 1323 2813 ι

1318 2858 1323 2967 ¹

1318 3006 1323 3119 Ι

1316 3157 1323 3304 l

1319 3310 1323 3417 Ι

1321 3470 1323 3565 l
