2667 3984
166 342 208 406 36
479 354 619 405 alumne
638 356 685 404 na
706 356 855 405 amoma

215 530 392 601 monentur,
415 543 484 585 eam
506 524 694 599 molestiam,
713 544 807 604 quam
829 525 946 586 debent
966 544 1086 604 capere,
1106 545 1168 586 non

215 622 354 701 capiunt,
383 640 452 683 eam
476 622 615 700 capiunt,
643 641 706 701 qua
727 623 843 683 debent
865 641 990 697 vacare;
1023 641 1169 700 peccasse

215 720 299 779 enim
329 738 362 780 se
391 738 455 779 non
486 726 653 797 anguntur,
686 720 847 797 obiurgari
879 720 1011 780 moleste
1043 721 1167 794 ferunt;

215 817 299 896 quod
330 822 440 877 contra
473 816 639 895 oportebat
672 816 791 878 delicto
826 817 943 891 dolere,
975 817 1169 877 correctione

164 927 179 971 o
215 914 361 991 gaudere.

255 1012 355 1071 XXV.
397 1010 446 1073 91.
471 1010 529 1071 'Ut
559 1010 659 1087 igitur
684 1016 716 1070 et
740 1029 865 1070 monere
890 1016 924 1071 et
948 1010 1071 1071 moneri
1096 1030 1167 1089 pro·

216 1108 320 1186 prium
342 1113 391 1168 est
411 1126 503 1167 verae
529 1106 689 1167 amicitiae
713 1114 746 1167 et
768 1106 903 1167 alterum
929 1106 1028 1168 libere
1050 1107 1163 1182 facere,

215 1225 278 1265 non
303 1223 422 1284 aspere,
448 1204 583 1264 alterum
608 1203 767 1282 patienter
789 1204 940 1283 accipere,
966 1223 1029 1263 non
1054 1223 1167 1282 repug-

216 1308 336 1378 nanter,
356 1301 402 1362 sio
422 1300 600 1361 habendum
619 1305 670 1360 est
689 1300 811 1360 nullam
826 1301 860 1359 in
874 1300 1026 1361 amicitiis
1045 1306 1168 1379 pestem

166 1412 195 1458 10
215 1418 284 1459 esse
299 1398 448 1458 maiorem
464 1417 557 1476 quam
572 1397 796 1469 adulationem,
811 1397 1011 1471 blanditiam,
1027 1403 1167 1458 assenta-

216 1497 349 1570 tionem;
372 1495 517 1574 quamvis
535 1480 623 1554 enim
645 1494 756 1555 multis
775 1493 956 1554 nominibus
976 1499 1026 1554 est
1044 1494 1103 1555 hoc
1119 1494 1167 1554 vi-

215 1593 296 1653 tium
315 1591 488 1653 notandum
510 1591 629 1651 levium
651 1590 813 1650 hominum
832 1596 927 1668 atque
948 1590 1111 1651 fallacium
1127 1592 1167 1651 ad

215 1690 411 1749 voluntatem
440 1687 638 1766 loquentium
663 1688 778 1760 omnia,
806 1688 889 1747 nibil
918 1687 958 1748 ad
983 1688 1163 1748 veritatem.

215 1787 264 1848 92.
291 1787 369 1847 Cum
388 1790 494 1845 autem
513 1785 654 1845 omnium
676 1804 779 1844 rerum
801 1784 963 1845 simulatio
980 1785 1098 1844 vitiosa
1118 1791 1168 1845 est

166 1898 194 1943 lo
216 1883 319 1962 (tollit
336 1883 421 1942 enim
441 1882 593 1942 iudicium
609 1881 678 1941 veri
694 1882 789 1959 idque
803 1881 986 1961 adulterat),
1005 1887 1073 1941 tum
1088 1883 1165 1942 arni·

215 1981 310 2041 citiae
332 1985 486 2057 repugnat
507 1979 658 2053 maxime3
683 1979 769 2039 delet
790 1979 874 2038 enim
896 1979 1074 2053 veritatem,
1096 1979 1166 2039 sine

215 2097 278 2158 qua
298 2096 411 2136 nomen
431 2075 591 2136 amicitiae
613 2076 718 2135 valere
740 2095 802 2135 non
827 2081 941 2154 potest.
987 2077 1070 2136 Nam
1094 2095 1167 2137 oum

215 2173 375 2235 amicitiae
390 2173 439 2233 vis
462 2172 506 2233 sit
527 2173 561 2231 in
582 2191 628 2248 eo,
646 2178 684 2232 ut
704 2192 785 2233 unus
805 2173 897 2250 quasi
916 2172 1040 2232 animus
1055 2173 1112 2232 fiat
1126 2193 1166 2233 ex

215 2271 369 2350 pluribuS,
398 2270 454 2349 qui
480 2270 513 2329 id
539 2269 607 2329 fieri
633 2270 761 2348 poterit,
787 2269 815 2329 si
835 2289 875 2329 ne
897 2269 931 2328 in
951 2289 1014 2328 uno
1036 2270 1166 2348 quidem

164 2383 194 2430 ao
215 2387 338 2447 quoque
363 2386 444 2427 unus
470 2366 594 2426 animus
620 2366 683 2425 erit
710 2366 855 2444 idemque
877 2385 1008 2443 semper,
1034 2367 1090 2426 sed
1112 2385 1167 2428 va·
1219 2383 1222 2388 ·

215 2466 291 2537 rina,
310 2463 553 2538 commutabilis,
572 2462 771 2539 multiplex?
832 2462 881 2523 93.
910 2463 993 2533 Quid
1010 2464 1094 2523 enim
1111 2483 1167 2542 po·

215 2567 279 2622 test
290 2580 357 2621 esse
368 2566 432 2620 tam
446 2558 596 2634 flexibile,
611 2565 677 2619 tam
692 2560 820 2620 devium
836 2579 929 2638 quam
944 2559 1068 2620 animus
1083 2562 1162 2637 eius,

215 2658 271 2737 qui
291 2659 330 2718 ad
351 2657 483 2717 alterius
503 2657 676 2716 non'rnodo
694 2676 820 2716 sensum
835 2675 871 2716 ao
886 2657 1091 2732 voluntatem,
1110 2658 1168 2718 sed

215 2756 311 2816 etiam
326 2755 449 2815 vultum
465 2759 560 2831 atque
574 2759 687 2813 nutum
701 2754 918 2813 convertitur?

164 2916 194 2962 at
256 2911 342 2974 Negat
354 2910 423 2973 quis,
434 2924 517 2972 neg03
535 2909 581 2972 ait,
593 2909 651 2972 aio;
670 2915 806 2972 postremo
818 2910 948 2973 imperavi
959 2910 1064 2973 egomet
1075 2910 1142 2960 mihi

257 2983 355 3045 Omnia
366 2993 506 3053 assentari,

215 3151 252 3204 ut
276 3143 323 3203 ait
353 3142 434 3201 idem
464 3141 640 3216 Terentina,
671 3142 726 3201 sed
751 3141 807 3201 ille
833 3141 867 3201 in
893 3142 1072 3202 Gnathonis
1097 3160 1166 3219 per·

217 3260 302 3314 sona,
331 3240 414 3317 quod
443 3238 537 3297 amici
566 3256 663 3314 genus
692 3237 842 3298 adhibere
867 3240 995 3298 omnino
1023 3238 1167 3298 levitatis

216 3343 274 3397 est.
339 3335 388 3397 94.
414 3335 512 3394 Multi
531 3341 635 3395 autem
655 3335 859 3395 Gnathonum
879 3335 1000 3395 similes
1016 3355 1086 3395 cum
1101 3336 1168 3394 sint

166 3448 196 3493 30
217 3435 295 3508 loco,
322 3433 458 3506 fortuna,
486 3432 571 3491 fama
599 3433 786 3510 superiores,
811 3431 922 3490 horum
948 3437 997 3492 est
1025 3437 1166 3492 assenta-

217 3532 264 3590 tio
291 3527 434 3599 molesta,
463 3547 532 3586 cum
558 3528 598 3587 ad
622 3529 797 3587 vanitatem
822 3528 956 3588 accessit
980 3528 1162 3588 auctoritas.
