2667 3984
398 972 446 1034 M.
477 971 620 1035 TULLI
653 969 906 1033 CICERONIS

132 1226 134 1229 ,
223 1145 461 1226 IAIIIIUS
502 1144 578 1224 DII
619 1143 877 1225 AMICITIA
918 1142 1084 1222 LIBER

293 1339 359 1403 An
391 1339 432 1401 r.
465 1337 758 1402 rourouuru
791 1335 1013 1400 Arrrouu

584 1541 721 1568 -000—

218 1701 244 1760 Ι.
282 1701 307 1760 1.
337 1701 371 1771 Q.
391 1701 515 1760 Mucius
534 1719 632 1775 augur
649 1699 750 1758 multa
767 1717 893 1758 narrare
913 1700 951 1758 de
971 1700 1006 1760 Ο.
1023 1697 1131 1757 Laelio

179 1817 284 1859 socero
301 1817 356 1857 suo
374 1797 552 1856 memoriter
570 1802 602 1855 et
620 1796 755 1854 iucunde
775 1796 894 1855 solebat
913 1816 969 1855 1100
989 1796 1131 1854 dubitare

178 1896 269 1954 illum
281 1894 409 1954 inomni
422 1912 562 1954 sermone
574 1893 733 1970 appellare
746 1893 936 1969 sapientem,
957 1912 1013 1967 ego
1028 1898 1132 1951 autern

178 1998 299 2069 apatre
317 1991 363 2050 ita
379 2010 464 2050 eram
482 1991 633 2050 deductus
651 1990 691 2048 ad
710 1990 890 2049 Scaevolam
909 1998 1034 2066 sumpta
1049 1988 1132 2047 virili

179 2096 260 2164 toga,
275 2095 320 2162 ut,
336 2088 438 2166 quoad
456 2106 579 2165 possem
600 2093 631 2145 et
650 2086 767 2160 liceret,
786 2106 805 2145 a
824 2087 906 2146 senis
928 2086 1025 2145 latere
1047 2105 1134 2143 num·
1168 2100 1182 2142 5

179 2204 273 2264 quam
285 2185 491 2259 discederem,
515 2184 622 2260 itaque
634 2183 785 2242 multaab
800 2203 835 2241 eo
851 2183 1019 2259 prudenter
1031 2183 1135 2258 (110011-

179 2288 255 2355 tata,
271 2282 370 2341 multa
384 2282 480 2340 etiam
494 2281 631 2340 breviter
646 2285 678 2339 et
693 2280 850 2338 commode
868 2280 953 2338 dieta
968 2280 1134 2338 memoriae

179 2380 365 2439 mandabam
386 2378 516 2454 fierique
539 2377 702 2438 studebam
725 2377 792 2435 eius
816 2376 984 2453 prudentia
1006 2376 1133 2435 doctior.

179 2477 247 2546 Quo
257 2481 379 2534 mortuo
394 2493 443 2533 me
458 2475 498 2533 ad
513 2473 692 2551 pontificem
712 2473 891 2532 Scaevolam
903 2473 1031 2546 contuli,
1043 2490 1135 2549 quem

181 2592 275 2631 unum
294 2578 418 2631 nostrae
435 2571 573 2630 civitatis
591 2576 623 2629 et
643 2570 768 2645 ingenio
789 2577 821 2629 et
839 2570 963 2629 iustitia
980 2576 1137 2647 praestan·
1157 2585 1185 2629 10

180 2670 337 2729 tissimum
352 2669 450 2727 audeo
464 2668 575 2727 dicere.
622 2668 683 2728 Sed
700 2667 809 2726 dehoc
827 2667 921 2742 alias,
944 2686 1025 2725 nunc
1045 2667 1136 2725 redeo

181 2767 221 2825 ad
235 2784 392 2840 augurem.

221 2861 248 2922 2.
279 2864 357 2922 Cum
380 2880 471 2939 saepe
496 2862 604 2936 multa,
628 2868 696 2922 tum
722 2860 851 2921 memini
877 2860 960 2919 dorni
985 2861 1018 2918 in
1042 2860 1138 2918 hemi-

180 2959 281 3038 cyclio
301 2960 469 3032 sedentem,
485 2965 520 3017 ut
542 2959 669 3032 solebat,
689 2978 758 3018 cum
779 2964 812 3017 et
831 2977 888 3033 ego
907 2976 1005 3017 essem
1025 2976 1087 3016 una
1106 2962 1138 3015 01

181 3056 272 3133 pauci
295 3056 461 3115 admodum
490 3056 670 3130 familiares,
693 3056 727 3113 in
752 3073 822 3114 eum
850 3073 1022 3115 sermonem
1047 3053 1187 3115 1111111115

181 3153 328 3225 incidere,
351 3152 405 3229 qui
430 3158 498 3211 tum
523 3152 688 3229 permultis
712 3157 779 3210 erat
802 3151 835 3209 in
858 3170 918 3210 ore.
963 3151 1138 3211 Meministi

140 3315 143 3321 Α
181 3249 265 3308 0111111
286 3249 436 3325 profecte,
458 3248 574 3323 Attice,
596 3254 627 3307 et
649 3267 685 3306 00
706 3248 814 3322 magis,
836 3249 920 3324 quod
942 3249 976 3306 P.
1000 3248 1139 3326 Sulpicio

181 3346 309 3406 utebare
329 3346 472 3419 multum,
491 3363 562 3404 cum
581 3345 608 3405 is
628 3345 772 3405 tribunus
794 3345 895 3421 piebis
917 3345 1045 3422 capitali
1068 3346 1139 3405 odio

182 3462 200 3502 a
214 3443 249 3513 Q.
268 3443 425 3520 Pompeio,
441 3442 495 3520 qui
512 3449 580 3501 tum
597 3447 664 3501 erat
682 3442 798 3515 consul,
815 3441 989 3517 dissideret,
1007 3461 1139 3520 quocum

97 3617 103 3629 ¹
182 3539 437 3603 coniunctissime
462 3544 493 3600 01
518 3539 732 3599 amantissime
757 3539 888 3612 vixerat,
913 3546 1031 3615 quanta
1057 3546 1140 3601 esset
1160 3554 1190 3600 ao

655 3635 669 3686 l
