2667 3984
503 319 644 368 nunnus
664 320 709 366 Du
729 319 881 368 AMICITIA

238 488 310 549 darn
338 487 542 549 admirabilia
569 487 729 563 videntur,
761 489 913 566 permulti
941 496 1016 550 suut
1046 491 1102 568 qui
1134 511 1192 570 pro

238 584 341 646 nihilo
360 591 487 664 putent;
509 584 548 644 de
567 584 711 645 amicitia
724 603 831 645 omnes
850 587 891 646 ad
909 606 1007 646 nuum
1022 588 1104 647 idem
1121 607 1191 648 sen·

238 682 333 757 tiunt,
352 687 385 742 ct
405 682 444 753 ei,
464 681 519 760 qui
541 682 581 742 ad
602 701 667 741 rem
689 682 848 760 publicam
871 703 905 743 se
926 684 1139 761 contulerunt,
1158 692 1192 746 et

238 779 278 854 ei,
299 780 356 858 qui
377 798 480 838 rerum
502 778 683 856 cognitione
705 779 910 858 doctrinaque
932 781 1137 856 delectantur,
1158 789 1191 843 et

187 890 202 935 u
238 876 277 950 el,
297 875 352 954 qui
367 895 458 936 suurn
473 876 633 952 negotium
649 882 764 953 gerunt
778 877 882 951 otiosi,
902 883 1060 955 postremo
1074 880 1113 951 ei,
1134 881 1191 956 qui

238 992 271 1033 se
285 979 369 1033 totos
386 972 586 1033 tradiderunt
600 972 829 1051 voluptatibus,
848 974 917 1033 sine
932 974 1075 1035 amicitia
1089 976 1190 1036 vitam

237 1088 305 1130 esse
326 1069 457 1144 nullam,
476 1070 504 1129 si
525 1070 616 1129 modo
631 1069 735 1129 velint
755 1069 865 1148 aliqua
882 1090 922 1130 ex
941 1077 1031 1149 parte
1048 1071 1190 1132 liberali·

236 1174 285 1227 ter
307 1167 424 1227 vivere.
491 1165 541 1227 87.
574 1165 682 1244 Serpit
702 1167 787 1226 enim
807 1166 914 1227 nescio
935 1186 998 1245 quo
1019 1169 1111 1228 modo
1133 1188 1191 1247 per

237 1264 377 1324 omniurn
403 1263 488 1323 vitas
512 1262 655 1323 amicitIa
679 1282 735 1323 neo
763 1263 862 1324 ullam
887 1265 1002 1324 aetatis
1029 1266 1190 1342 degendae

187 1375 216 1421 10
237 1361 390 1421 rationem
419 1360 541 1439 patitur
569 1378 637 1420 esse
667 1367 827 1438 expertein
856 1362 916 1420 sui.
975 1362 1058 1432 Quin
1091 1364 1190 1423 etiarn

237 1458 266 1517 si
281 1458 353 1536 quis
367 1457 539 1536 asperitate
558 1475 595 1516 ea
614 1461 663 1516 est
684 1463 717 1517 et
738 1457 937 1518 immanitate
956 1464 1097 1534 naturae,
1117 1479 1190 1520 con·

237 1573 362 1631 gressus
382 1559 419 1614 ut
436 1553 599 1613 hominurn
619 1553 725 1630 fugiat
745 1559 839 1631 atque
859 1555 971 1629 oderit,
995 1555 1120 1633 qualem
1139 1558 1190 1616 fu·

238 1651 300 1712 isse
316 1651 453 1711 Athenis
467 1651 631 1710 Timonem
647 1651 861 1728 nescioquem
876 1651 1063 1729 accepimus,
1081 1658 1190 1713 tamen

237 1748 265 1809 is
290 1748 359 1826 pati
383 1767 446 1808 non
471 1748 581 1826 possit,
610 1753 647 1807 ut
672 1766 735 1806 non
759 1748 908 1825 anquirat
928 1749 1077 1826 aliquem,
1103 1753 1190 1828 apud

186 1860 214 1905 15
236 1864 329 1924 quem
344 1850 471 1904 evomat
479 1845 567 1903 virus
582 1844 765 1904 acerbitatis
781 1863 865 1904 suae.
907 1844 1013 1924 Atque
1028 1844 1086 1905 hoc
1101 1866 1190 1906 max·

237 1942 299 2002 ime
314 1942 515 2015 iudicaretur,
534 1941 562 2001 si
577 1941 655 2019 quid
670 1941 735 2000 tale
749 1947 857 2018 posset
871 1942 1063 2018 contingere,
1077 1947 1115 2002 ut
1129 1943 1190 2003 ali·

236 2039 308 2118 quis
325 2058 383 2098 nos
398 2039 474 2098 deus
491 2057 530 2097 ex
549 2038 608 2097 hac
628 2037 791 2097 hominurn
814 2038 995 2115 frequentia
1014 2038 1142 2099 tolleret
1156 2047 1191 2100 et

169 2153 174 2160 ·
237 2136 271 2196 in
290 2136 463 2195 solitudine
483 2135 606 2212 uspiam
621 2134 789 2195 collocaret
806 2139 901 2213 atque
919 2135 965 2193 ibi
980 2136 1190 2212 suppeditans

236 2233 377 2293 omnium
399 2251 511 2304 rerum,
536 2250 614 2309 quas
636 2237 750 2291 natura
771 2231 936 2307 desiderat,
950 2232 1188 2292 'abundantiam

186 2345 216 2391 ao
237 2335 269 2390 et
289 2330 411 2408 copiam
430 2328 568 2387 hominis
584 2328 713 2386 omniuo
727 2327 903 2405 aspioIendi
922 2333 1112 2406 potestatem
1128 2329 1189 2388 eri-

237 2431 335 2505 peret.
380 2426 457 2496 Quis
478 2431 543 2484 tarn
566 2431 649 2484 esset
670 2425 802 2500 ferreus,
821 2426 877 2502 qui
899 2444 966 2485 eam
982 2425 1080 2484 vitam
1104 2426 1189 2485 ferre

238 2527 353 2601 posset,
372 2522 485 2600 cuique
507 2542 567 2581 nou
591 2522 732 2580 auferret
752 2521 890 2580 fructum
907 2521 1106 2598 voluptatum
1124 2542 1188 2581 orn-

237 2621 325 2680 nium
348 2619 506 2679 solitudo?
570 2618 619 2677 88.
648 2618 765 2677 Verum
788 2632 861 2694 ergo
883 2618 964 2677 illud
985 2623 1043 2692 est,
1066 2619 1190 2695 quoda

238 2716 409 2777 Tarentino
435 2716 585 2793 Archyta,
612 2720 647 2773 ut
672 2713 794 2792 opinor,
820 2714 884 2774 dici
909 2714 1038 2773 solitum
1063 2722 1189 2774 nostros

186 2832 216 2877 as
238 2833 328 2875 senes
348 2831 588 2873 commemorare
608 2811 719 2870 audivi
739 2811 778 2871 ab
792 2810 866 2870 aliis
884 2811 1012 2870 senibus
1029 2812 1188 2871 auditum:

239 2913 279 2971 ‘si
306 2914 375 2987 quis
402 2914 434 2969 ia
458 2912 572 2969 coelura
597 2912 779 2967 <ascendisset
804 2917 1004 2982 acturumque
1030 2913 1139 2967 sitiendi
1163 2919 1191 2967 et

234 3010 488 3086 pulchritudinem
516 3010 649 3065 siderum
680 3009 886 3081 perspexisset,
919 3004 1083 3064 insuavem*
1105 3008 1191 3066 illum

239 3088 472 3166 admirationem
498 3108 526 3162 ei
546 3107 637 3178 fore,
672 3122 749 3177 quiue
775 3106 996 3161 iucundissimo
1015 3106 1136 3177 fuisset,
1163 3107 1192 3161 si

239 3206 378 3278 aliquem,
405 3206 453 3261 cui
475 3210 624 3273 inorrurei,
651 3198 827 3259 liubuiseet.²
872 3199 924 3258 Sic
947 3205 1060 3258 natura
1081 3199 1191 3257 solita-

188 3316 218 3361 30
239 3300 322 3359 rium
341 3299 424 3358 nibil
444 3305 528 3357 amnt
546 3315 731 3375 semperque
751 3296 791 3355 ad
813 3294 942 3372 aliquod
961 3300 1121 3372 tamquam
1137 3297 1191 3355 ad·

239 3396 425 3456 minieulum
456 3395 628 3469 annititur3
665 3393 748 3471 quod
779 3393 813 3451 iu
841 3391 1034 3451 amicissimo
1066 3411 1192 3470 quoque

240 3491 458 3552 dulcissimum
479 3497 537 3548 est.
