<?xml version="1.0" encoding="UTF-8"?>
<!DOCTYPE html PUBLIC "-//W3C//DTD XHTML 1.0 Transitional//EN"
    "http://www.w3.org/TR/xhtml1/DTD/xhtml1-transitional.dtd">
<html xmlns="http://www.w3.org/1999/xhtml" xml:lang="en" lang="en">
 <head>
  <title>
</title>
<meta http-equiv="Content-Type" content="text/html;charset=utf-8" />
  <meta name='ocr-system' content='tesseract 3.04.00' />
  <meta name='ocr-capabilities' content='ocr_page ocr_carea ocr_par ocr_line ocrx_word'/>
</head>
<body>
  <div class='ocr_page' id='page_1' title='image "./laeliusdeamicit10cicegoog_0027.png"; bbox 0 0 2667 3984; ppageno 0'>
   <div class='ocr_carea' id='block_1_1' title="bbox 516 306 1178 382">
    <p class='ocr_par' dir='ltr' id='par_1_1' title="bbox 516 306 1178 382">
     <span class='ocr_line' id='line_1_1' title="bbox 516 306 1178 382; baseline 0 -10"><span class='ocrx_word' id='word_1_1' title='bbox 516 321 688 373; x_wconf 71' lang='lat' dir='ltr'>enarrans</span> <span class='ocrx_word' id='word_1_2' title='bbox 708 326 762 382; x_wconf 83' lang='grc'><strong>111,</strong></span> <span class='ocrx_word' id='word_1_3' title='bbox 781 322 837 373; x_wconf 86' lang='lat' dir='ltr'>vn</span> <span class='ocrx_word' id='word_1_4' title='bbox 1138 306 1178 372; x_wconf 87' lang='lat'>11</span> 
     </span>
    </p>
   </div>
   <div class='ocr_carea' id='block_1_2' title="bbox 174 493 1180 2025">
    <p class='ocr_par' dir='ltr' id='par_1_2' title="bbox 174 493 1180 2025">
     <span class='ocr_line' id='line_1_2' title="bbox 176 493 1127 575; baseline -0.004 -19"><span class='ocrx_word' id='word_1_5' title='bbox 176 514 257 575; x_wconf 89' lang='lat' dir='ltr'>quae</span> <span class='ocrx_word' id='word_1_6' title='bbox 284 515 346 554; x_wconf 91' lang='lat' dir='ltr'>non</span> <span class='ocrx_word' id='word_1_7' title='bbox 371 495 451 554; x_wconf 89' lang='lat' dir='ltr'>odiis</span> <span class='ocrx_word' id='word_1_8' title='bbox 476 501 509 554; x_wconf 89' lang='lat' dir='ltr'>et</span> <span class='ocrx_word' id='word_1_9' title='bbox 533 495 674 555; x_wconf 81' lang='lat' dir='ltr'>discidiis</span> <span class='ocrx_word' id='word_1_10' title='bbox 702 495 847 554; x_wconf 82' lang='lat' dir='ltr'>funditus</span> <span class='ocrx_word' id='word_1_11' title='bbox 876 494 976 572; x_wconf 83' lang='lat' dir='ltr'>possit</span> <span class='ocrx_word' id='word_1_12' title='bbox 1003 493 1127 553; x_wconf 85' lang='lat' dir='ltr'>everti?</span> 
     </span>
     <span class='ocr_line' id='line_1_3' title="bbox 174 591 1126 670; baseline -0.001 -18"><span class='ocrx_word' id='word_1_13' title='bbox 174 595 226 652; x_wconf 80' lang='lat' dir='ltr'>Ex</span> <span class='ocrx_word' id='word_1_14' title='bbox 243 612 313 670; x_wconf 92' lang='lat' dir='ltr'>quo,</span> <span class='ocrx_word' id='word_1_15' title='bbox 328 598 481 670; x_wconf 89' lang='lat' dir='ltr'>quantum</span> <span class='ocrx_word' id='word_1_16' title='bbox 499 592 572 651; x_wconf 94' lang='lat' dir='ltr'>boni</span> <span class='ocrx_word' id='word_1_17' title='bbox 590 592 632 651; x_wconf 91' lang='lat' dir='ltr'>sit</span> <span class='ocrx_word' id='word_1_18' title='bbox 649 592 684 650; x_wconf 92' lang='lat' dir='ltr'>in</span> <span class='ocrx_word' id='word_1_19' title='bbox 701 591 847 665; x_wconf 87' lang='lat' dir='ltr'>amicitia,</span> <span class='ocrx_word' id='word_1_20' title='bbox 864 591 996 651; x_wconf 89' lang='lat' dir='ltr'>iudicari</span> <span class='ocrx_word' id='word_1_21' title='bbox 1015 597 1126 668; x_wconf 91' lang='lat' dir='ltr'>potest.</span> 
     </span>
     <span class='ocr_line' id='line_1_4' title="bbox 176 689 1128 766; baseline -0.003 -17"><span class='ocrx_word' id='word_1_22' title='bbox 176 690 224 750; x_wconf 85' lang='lat'>24.</span> <span class='ocrx_word' id='word_1_23' title='bbox 256 690 498 766; x_wconf 79' lang='lat' dir='ltr'>Agrigentinum</span> <span class='ocrx_word' id='word_1_24' title='bbox 528 689 655 765; x_wconf 89' lang='lat' dir='ltr'>quidem</span> <span class='ocrx_word' id='word_1_25' title='bbox 685 690 810 748; x_wconf 89' lang='lat' dir='ltr'>doctum</span> <span class='ocrx_word' id='word_1_26' title='bbox 841 689 995 766; x_wconf 81' lang='lat' dir='ltr'>quendam</span> <span class='ocrx_word' id='word_1_27' title='bbox 1026 690 1128 748; x_wconf 83' lang='lat' dir='ltr'>virum</span> 
     </span>
     <span class='ocr_line' id='line_1_5' title="bbox 175 786 1129 863; baseline -0.003 -17"><span class='ocrx_word' id='word_1_28' title='bbox 175 787 366 847; x_wconf 75' lang='lat' dir='ltr'>carminibus</span> <span class='ocrx_word' id='word_1_29' title='bbox 392 786 520 847; x_wconf 89' lang='lat' dir='ltr'>Graecis</span> <span class='ocrx_word' id='word_1_30' title='bbox 543 786 749 845; x_wconf 88' lang='lat' dir='ltr'>vaticinatum</span> <span class='ocrx_word' id='word_1_31' title='bbox 777 786 894 861; x_wconf 85' lang='lat' dir='ltr'>ferunt,</span> <span class='ocrx_word' id='word_1_32' title='bbox 917 804 996 863; x_wconf 87' lang='lat' dir='ltr'>quae</span> <span class='ocrx_word' id='word_1_33' title='bbox 1027 787 1060 844; x_wconf 92' lang='lat' dir='ltr'>in</span> <span class='ocrx_word' id='word_1_34' title='bbox 1085 805 1129 844; x_wconf 88' lang='lat' dir='ltr'>re-</span> 
     </span>
     <span class='ocr_line' id='line_1_6' title="bbox 175 883 1179 960; baseline -0.003 -17"><span class='ocrx_word' id='word_1_35' title='bbox 175 904 246 943; x_wconf 89' lang='lat' dir='ltr'>rum</span> <span class='ocrx_word' id='word_1_36' title='bbox 260 890 372 943; x_wconf 83' lang='lat' dir='ltr'>natura</span> <span class='ocrx_word' id='word_1_37' title='bbox 388 889 516 960; x_wconf 90' lang='lat' dir='ltr'>totoque</span> <span class='ocrx_word' id='word_1_38' title='bbox 535 883 650 941; x_wconf 91' lang='lat' dir='ltr'>mundo</span> <span class='ocrx_word' id='word_1_39' title='bbox 668 889 855 957; x_wconf 78' lang='lat' dir='ltr'>constarent,</span> <span class='ocrx_word' id='word_1_40' title='bbox 871 901 1012 960; x_wconf 91' lang='lat' dir='ltr'>quaeque</span> <span class='ocrx_word' id='word_1_41' title='bbox 1029 901 1129 941; x_wconf 89' lang='lat' dir='ltr'>move·</span> <span class='ocrx_word' id='word_1_42' title='bbox 1163 897 1179 940; x_wconf 82' lang='lat' dir='ltr'>o</span> 
     </span>
     <span class='ocr_line' id='line_1_7' title="bbox 175 979 1126 1056; baseline -0.002 -16"><span class='ocrx_word' id='word_1_43' title='bbox 175 986 293 1055; x_wconf 76' lang='lat' dir='ltr'>rentur,</span> <span class='ocrx_word' id='word_1_44' title='bbox 309 999 345 1039; x_wconf 89' lang='lat' dir='ltr'>ea</span> <span class='ocrx_word' id='word_1_45' title='bbox 361 980 543 1039; x_wconf 79' lang='lat' dir='ltr'>contrahere</span> <span class='ocrx_word' id='word_1_46' title='bbox 561 979 741 1053; x_wconf 87' lang='lat' dir='ltr'>amicitiam,</span> <span class='ocrx_word' id='word_1_47' title='bbox 760 980 913 1056; x_wconf 89' lang='lat' dir='ltr'>dissipare</span> <span class='ocrx_word' id='word_1_48' title='bbox 931 980 1126 1039; x_wconf 87' lang='lat' dir='ltr'>discordiam.</span> 
     </span>
     <span class='ocr_line' id='line_1_8' title="bbox 175 1076 1129 1154; baseline 0 -19"><span class='ocrx_word' id='word_1_49' title='bbox 175 1077 282 1154; x_wconf 88' lang='lat' dir='ltr'>Atque</span> <span class='ocrx_word' id='word_1_50' title='bbox 304 1077 361 1135; x_wconf 91' lang='lat' dir='ltr'>hoc</span> <span class='ocrx_word' id='word_1_51' title='bbox 384 1077 511 1154; x_wconf 88' lang='lat' dir='ltr'>quidem</span> <span class='ocrx_word' id='word_1_52' title='bbox 534 1095 639 1135; x_wconf 88' lang='lat' dir='ltr'>omnes</span> <span class='ocrx_word' id='word_1_53' title='bbox 663 1076 810 1136; x_wconf 81' lang='lat' dir='ltr'>mortales</span> <span class='ocrx_word' id='word_1_54' title='bbox 833 1083 865 1135; x_wconf 89' lang='lat' dir='ltr'>et</span> <span class='ocrx_word' id='word_1_55' title='bbox 887 1077 1075 1151; x_wconf 87' lang='lat' dir='ltr'>intellegunt</span> <span class='ocrx_word' id='word_1_56' title='bbox 1097 1083 1129 1135; x_wconf 92' lang='lat' dir='ltr'>et</span> 
     </span>
     <span class='ocr_line' id='line_1_9' title="bbox 176 1173 1129 1251; baseline -0.002 -18"><span class='ocrx_word' id='word_1_57' title='bbox 176 1192 210 1233; x_wconf 87' lang='lat' dir='ltr'>re</span> <span class='ocrx_word' id='word_1_58' title='bbox 227 1174 367 1251; x_wconf 90' lang='lat' dir='ltr'>probant.</span> <span class='ocrx_word' id='word_1_59' title='bbox 411 1174 532 1250; x_wconf 87' lang='lat' dir='ltr'>Itaque,</span> <span class='ocrx_word' id='word_1_60' title='bbox 549 1174 575 1232; x_wconf 90' lang='lat' dir='ltr'>si</span> <span class='ocrx_word' id='word_1_61' title='bbox 593 1174 718 1250; x_wconf 90' lang='lat' dir='ltr'>quando</span> <span class='ocrx_word' id='word_1_62' title='bbox 737 1174 865 1250; x_wconf 88' lang='lat' dir='ltr'>aliquod</span> <span class='ocrx_word' id='word_1_63' title='bbox 884 1173 1017 1232; x_wconf 85' lang='lat' dir='ltr'>officium</span> <span class='ocrx_word' id='word_1_64' title='bbox 1037 1174 1129 1233; x_wconf 81' lang='lat' dir='ltr'>exsti-</span> 
     </span>
     <span class='ocr_line' id='line_1_10' title="bbox 176 1270 1128 1347; baseline -0.001 -17"><span class='ocrx_word' id='word_1_65' title='bbox 176 1271 218 1330; x_wconf 86' lang='lat' dir='ltr'>tit</span> <span class='ocrx_word' id='word_1_66' title='bbox 233 1271 325 1329; x_wconf 91' lang='lat' dir='ltr'>amici</span> <span class='ocrx_word' id='word_1_67' title='bbox 339 1271 373 1328; x_wconf 90' lang='lat' dir='ltr'>in</span> <span class='ocrx_word' id='word_1_68' title='bbox 387 1271 534 1347; x_wconf 88' lang='lat' dir='ltr'>perieulis</span> <span class='ocrx_word' id='word_1_69' title='bbox 550 1276 604 1329; x_wconf 92' lang='lat' dir='ltr'>aut</span> <span class='ocrx_word' id='word_1_70' title='bbox 618 1270 771 1330; x_wconf 88' lang='lat' dir='ltr'>adeundis</span> <span class='ocrx_word' id='word_1_71' title='bbox 785 1277 839 1329; x_wconf 91' lang='lat' dir='ltr'>aut</span> <span class='ocrx_word' id='word_1_72' title='bbox 855 1271 1128 1344; x_wconf 83' lang='lat' dir='ltr'>communicandis,</span> 
     </span>
     <span class='ocr_line' id='line_1_11' title="bbox 176 1367 1180 1445; baseline 0.002 -20"><span class='ocrx_word' id='word_1_73' title='bbox 176 1368 248 1445; x_wconf 88' lang='lat' dir='ltr'>quis</span> <span class='ocrx_word' id='word_1_74' title='bbox 268 1373 325 1442; x_wconf 83' lang='lat' dir='ltr'>est,</span> <span class='ocrx_word' id='word_1_75' title='bbox 346 1367 401 1444; x_wconf 91' lang='lat' dir='ltr'>qui</span> <span class='ocrx_word' id='word_1_76' title='bbox 420 1368 454 1426; x_wconf 91' lang='lat' dir='ltr'>id</span> <span class='ocrx_word' id='word_1_77' title='bbox 472 1387 535 1426; x_wconf 93' lang='lat' dir='ltr'>non</span> <span class='ocrx_word' id='word_1_78' title='bbox 556 1368 702 1427; x_wconf 87' lang='lat' dir='ltr'>maximis</span> <span class='ocrx_word' id='word_1_79' title='bbox 724 1367 834 1425; x_wconf 88' lang='lat' dir='ltr'>efferat</span> <span class='ocrx_word' id='word_1_80' title='bbox 855 1367 1026 1426; x_wconf 79' lang='lat' dir='ltr'>laudibus?</span> <span class='ocrx_word' id='word_1_81' title='bbox 1069 1367 1129 1437; x_wconf 82' lang='lat' dir='ltr'>Qui</span> <span class='ocrx_word' id='word_1_82' title='bbox 1151 1381 1180 1427; x_wconf 87' lang='lat'>10</span> 
     </span>
     <span class='ocr_line' id='line_1_12' title="bbox 176 1464 1129 1541; baseline -0.001 -18"><span class='ocrx_word' id='word_1_83' title='bbox 176 1465 327 1523; x_wconf 87' lang='lat' dir='ltr'>clamores</span> <span class='ocrx_word' id='word_1_84' title='bbox 350 1470 416 1523; x_wconf 87' lang='lat' dir='ltr'>tota</span> <span class='ocrx_word' id='word_1_85' title='bbox 439 1482 533 1523; x_wconf 90' lang='lat' dir='ltr'>cavea</span> <span class='ocrx_word' id='word_1_86' title='bbox 556 1483 655 1541; x_wconf 87' lang='lat' dir='ltr'>nuper</span> <span class='ocrx_word' id='word_1_87' title='bbox 678 1465 712 1522; x_wconf 94' lang='lat' dir='ltr'>in</span> <span class='ocrx_word' id='word_1_88' title='bbox 735 1464 871 1540; x_wconf 91' lang='lat' dir='ltr'>hospitis</span> <span class='ocrx_word' id='word_1_89' title='bbox 895 1470 927 1522; x_wconf 92' lang='lat' dir='ltr'>et</span> <span class='ocrx_word' id='word_1_90' title='bbox 951 1465 1043 1523; x_wconf 89' lang='lat' dir='ltr'>amici</span> <span class='ocrx_word' id='word_1_91' title='bbox 1068 1464 1129 1522; x_wconf 91' lang='lat' dir='ltr'>mei</span> 
     </span>
     <span class='ocr_line' id='line_1_13' title="bbox 177 1552 1130 1637; baseline -0.001 -17"><span class='ocrx_word' id='word_1_92' title='bbox 177 1563 220 1620; x_wconf 91' lang='lat' dir='ltr'>M.</span> <span class='ocrx_word' id='word_1_93' title='bbox 247 1561 366 1620; x_wconf 85' lang='lat' dir='ltr'>Pacuvi</span> <span class='ocrx_word' id='word_1_94' title='bbox 394 1580 475 1619; x_wconf 91' lang='lat' dir='ltr'>nova</span> <span class='ocrx_word' id='word_1_95' title='bbox 491 1552 627 1621; x_wconf 70' lang='lat' dir='ltr'>¹fabula!</span> <span class='ocrx_word' id='word_1_96' title='bbox 664 1580 734 1619; x_wconf 91' lang='lat' dir='ltr'>cum</span> <span class='ocrx_word' id='word_1_97' title='bbox 762 1562 924 1637; x_wconf 84' lang='lat' dir='ltr'>ignorante</span> <span class='ocrx_word' id='word_1_98' title='bbox 952 1579 1032 1635; x_wconf 84' lang='lat' dir='ltr'>rege,</span> <span class='ocrx_word' id='word_1_99' title='bbox 1060 1569 1130 1619; x_wconf 89' lang='lat' dir='ltr'>uter</span> 
     </span>
     <span class='ocr_line' id='line_1_14' title="bbox 178 1657 1130 1736; baseline -0.004 -17"><span class='ocrx_word' id='word_1_100' title='bbox 178 1659 305 1719; x_wconf 88' lang='lat' dir='ltr'>Orestes</span> <span class='ocrx_word' id='word_1_101' title='bbox 333 1666 424 1732; x_wconf 81' lang='lat' dir='ltr'>esset,</span> <span class='ocrx_word' id='word_1_102' title='bbox 450 1658 587 1736; x_wconf 88' lang='lat' dir='ltr'>Pylades</span> <span class='ocrx_word' id='word_1_103' title='bbox 616 1657 757 1717; x_wconf 88' lang='lat' dir='ltr'>Orestem</span> <span class='ocrx_word' id='word_1_104' title='bbox 786 1676 819 1717; x_wconf 89' lang='lat' dir='ltr'>se</span> <span class='ocrx_word' id='word_1_105' title='bbox 847 1676 913 1717; x_wconf 89' lang='lat' dir='ltr'>esse</span> <span class='ocrx_word' id='word_1_106' title='bbox 941 1658 1067 1725; x_wconf 88' lang='lat' dir='ltr'>diceret,</span> <span class='ocrx_word' id='word_1_107' title='bbox 1094 1665 1130 1715; x_wconf 91' lang='lat' dir='ltr'>ut</span> 
     </span>
     <span class='ocr_line' id='line_1_15' title="bbox 177 1754 1130 1833; baseline 0 -20"><span class='ocrx_word' id='word_1_108' title='bbox 177 1775 234 1833; x_wconf 86' lang='lat' dir='ltr'>pro</span> <span class='ocrx_word' id='word_1_109' title='bbox 258 1755 314 1814; x_wconf 90' lang='lat' dir='ltr'>illo</span> <span class='ocrx_word' id='word_1_110' title='bbox 339 1761 510 1829; x_wconf 87' lang='lat' dir='ltr'>necaretur,</span> <span class='ocrx_word' id='word_1_111' title='bbox 533 1754 658 1815; x_wconf 88' lang='lat' dir='ltr'>Orestes</span> <span class='ocrx_word' id='word_1_112' title='bbox 681 1760 795 1828; x_wconf 76' lang='lat' dir='ltr'>antem,</span> <span class='ocrx_word' id='word_1_113' title='bbox 817 1754 861 1812; x_wconf 88' lang='lat' dir='ltr'>ita</span> <span class='ocrx_word' id='word_1_114' title='bbox 886 1759 921 1812; x_wconf 92' lang='lat' dir='ltr'>ut</span> <span class='ocrx_word' id='word_1_115' title='bbox 946 1761 1020 1826; x_wconf 88' lang='lat' dir='ltr'>erat,</span> <span class='ocrx_word' id='word_1_116' title='bbox 1043 1754 1130 1814; x_wconf 84' lang='lat' dir='ltr'>Ores</span> 
     </span>
     <span class='ocr_line' id='line_1_16' title="bbox 177 1851 1180 1928; baseline -0.002 -18"><span class='ocrx_word' id='word_1_117' title='bbox 177 1858 242 1910; x_wconf 92' lang='lat' dir='ltr'>tem</span> <span class='ocrx_word' id='word_1_118' title='bbox 273 1870 306 1911; x_wconf 89' lang='lat' dir='ltr'>se</span> <span class='ocrx_word' id='word_1_119' title='bbox 337 1870 404 1911; x_wconf 89' lang='lat' dir='ltr'>esse</span> <span class='ocrx_word' id='word_1_120' title='bbox 436 1857 656 1928; x_wconf 85' lang='lat' dir='ltr'>perseveraret.</span> <span class='ocrx_word' id='word_1_121' title='bbox 718 1851 844 1910; x_wconf 85' lang='lat' dir='ltr'>Stantes</span> <span class='ocrx_word' id='word_1_122' title='bbox 875 1851 1066 1927; x_wconf 87' lang='lat' dir='ltr'>plaudebant</span> <span class='ocrx_word' id='word_1_123' title='bbox 1097 1852 1130 1908; x_wconf 92' lang='lat' dir='ltr'>in</span> <span class='ocrx_word' id='word_1_124' title='bbox 1152 1865 1180 1909; x_wconf 79' lang='lat'>15</span> 
     </span>
     <span class='ocr_line' id='line_1_17' title="bbox 177 1947 1129 2025; baseline -0.001 -18"><span class='ocrx_word' id='word_1_125' title='bbox 177 1967 211 2007; x_wconf 91' lang='lat' dir='ltr'>re</span> <span class='ocrx_word' id='word_1_126' title='bbox 238 1948 329 2023; x_wconf 82' lang='lat' dir='ltr'>ficta3</span> <span class='ocrx_word' id='word_1_127' title='bbox 362 1949 439 2025; x_wconf 88' lang='lat' dir='ltr'>qnid</span> <span class='ocrx_word' id='word_1_128' title='bbox 467 1949 654 2007; x_wconf 86' lang='lat' dir='ltr'>arbitramur</span> <span class='ocrx_word' id='word_1_129' title='bbox 679 1947 712 2004; x_wconf 91' lang='lat' dir='ltr'>in</span> <span class='ocrx_word' id='word_1_130' title='bbox 737 1965 811 2006; x_wconf 83' lang='lat' dir='ltr'>vera</span> <span class='ocrx_word' id='word_1_131' title='bbox 838 1948 976 2006; x_wconf 80' lang='lat' dir='ltr'>facturos</span> <span class='ocrx_word' id='word_1_132' title='bbox 1004 1948 1129 2006; x_wconf 87' lang='lat' dir='ltr'>fuisse?</span> 
     </span>
    </p>
   </div>
   <div class='ocr_carea' id='block_1_3' title="bbox 178 2044 1131 2298">
    <p class='ocr_par' dir='ltr' id='par_1_3' title="bbox 178 2044 1131 2298">
     <span class='ocr_line' id='line_1_18' title="bbox 178 2044 1129 2122; baseline 0 -19"><span class='ocrx_word' id='word_1_133' title='bbox 178 2045 283 2104; x_wconf 84' lang='lat' dir='ltr'>Facile</span> <span class='ocrx_word' id='word_1_134' title='bbox 301 2045 460 2104; x_wconf 89' lang='lat' dir='ltr'>indicabat</span> <span class='ocrx_word' id='word_1_135' title='bbox 477 2046 546 2122; x_wconf 90' lang='lat' dir='ltr'>ipsa</span> <span class='ocrx_word' id='word_1_136' title='bbox 563 2050 675 2103; x_wconf 90' lang='lat' dir='ltr'>natura</span> <span class='ocrx_word' id='word_1_137' title='bbox 694 2044 757 2102; x_wconf 92' lang='lat' dir='ltr'>vim</span> <span class='ocrx_word' id='word_1_138' title='bbox 777 2063 873 2117; x_wconf 89' lang='lat' dir='ltr'>suam,</span> <span class='ocrx_word' id='word_1_139' title='bbox 889 2063 958 2102; x_wconf 89' lang='lat' dir='ltr'>eum</span> <span class='ocrx_word' id='word_1_140' title='bbox 979 2045 1129 2118; x_wconf 72' lang='lat' dir='ltr'>homines7</span> 
     </span>
     <span class='ocr_line' id='line_1_19' title="bbox 178 2140 1131 2219; baseline -0.002 -19"><span class='ocrx_word' id='word_1_141' title='bbox 178 2143 262 2218; x_wconf 89' lang='lat' dir='ltr'>quod</span> <span class='ocrx_word' id='word_1_142' title='bbox 281 2143 383 2202; x_wconf 86' lang='lat' dir='ltr'>facere</span> <span class='ocrx_word' id='word_1_143' title='bbox 405 2142 468 2219; x_wconf 90' lang='lat' dir='ltr'>ipsi</span> <span class='ocrx_word' id='word_1_144' title='bbox 490 2161 552 2200; x_wconf 90' lang='lat' dir='ltr'>non</span> <span class='ocrx_word' id='word_1_145' title='bbox 573 2146 710 2218; x_wconf 85' lang='lat' dir='ltr'>possent,</span> <span class='ocrx_word' id='word_1_146' title='bbox 729 2141 762 2199; x_wconf 91' lang='lat' dir='ltr'>id</span> <span class='ocrx_word' id='word_1_147' title='bbox 783 2147 866 2200; x_wconf 88' lang='lat' dir='ltr'>reete</span> <span class='ocrx_word' id='word_1_148' title='bbox 887 2140 957 2199; x_wconf 89' lang='lat' dir='ltr'>fieri</span> <span class='ocrx_word' id='word_1_149' title='bbox 978 2142 1011 2198; x_wconf 93' lang='lat' dir='ltr'>in</span> <span class='ocrx_word' id='word_1_150' title='bbox 1033 2141 1131 2200; x_wconf 89' lang='lat' dir='ltr'>altero</span> 
     </span>
     <span class='ocr_line' id='line_1_20' title="bbox 179 2238 361 2298; baseline 0.005 -2"><span class='ocrx_word' id='word_1_151' title='bbox 179 2238 361 2298; x_wconf 89' lang='lat' dir='ltr'>iudicarent.</span> 
     </span>
    </p>
   </div>
   <div class='ocr_carea' id='block_1_4' title="bbox 178 2334 1191 3557">
    <p class='ocr_par' dir='ltr' id='par_1_4' title="bbox 178 2334 1182 2703">
     <span class='ocr_line' id='line_1_21' title="bbox 219 2334 1182 2410; baseline -0.001 -16"><span class='ocrx_word' id='word_1_152' title='bbox 219 2336 383 2395; x_wconf 82' lang='lat' dir='ltr'>Hactenus</span> <span class='ocrx_word' id='word_1_153' title='bbox 409 2336 488 2394; x_wconf 86' lang='lat' dir='ltr'>mihi</span> <span class='ocrx_word' id='word_1_154' title='bbox 512 2336 620 2394; x_wconf 85' lang='lat' dir='ltr'>videor</span> <span class='ocrx_word' id='word_1_155' title='bbox 644 2336 683 2394; x_wconf 91' lang='lat' dir='ltr'>de</span> <span class='ocrx_word' id='word_1_156' title='bbox 712 2334 851 2394; x_wconf 88' lang='lat' dir='ltr'>amicitia</span> <span class='ocrx_word' id='word_1_157' title='bbox 878 2335 955 2410; x_wconf 91' lang='lat' dir='ltr'>quid</span> <span class='ocrx_word' id='word_1_158' title='bbox 983 2335 1131 2394; x_wconf 87' lang='lat' dir='ltr'>sentirem</span> <span class='ocrx_word' id='word_1_159' title='bbox 1152 2349 1182 2393; x_wconf 80' lang='lat' dir='ltr'>ao</span> 
     </span>
     <span class='ocr_line' id='line_1_22' title="bbox 178 2430 1129 2509; baseline -0.001 -19"><span class='ocrx_word' id='word_1_160' title='bbox 178 2432 318 2508; x_wconf 89' lang='lat' dir='ltr'>potuisse</span> <span class='ocrx_word' id='word_1_161' title='bbox 340 2432 458 2507; x_wconf 81' lang='lat' dir='ltr'>dicere3</span> <span class='ocrx_word' id='word_1_162' title='bbox 485 2432 596 2508; x_wconf 90' lang='lat' dir='ltr'>siqua</span> <span class='ocrx_word' id='word_1_163' title='bbox 618 2437 778 2509; x_wconf 86' lang='lat' dir='ltr'>praeterea</span> <span class='ocrx_word' id='word_1_164' title='bbox 802 2436 875 2490; x_wconf 91' lang='lat' dir='ltr'>sunt</span> <span class='ocrx_word' id='word_1_165' title='bbox 897 2430 1002 2508; x_wconf 83' lang='lat' dir='ltr'>(credo</span> <span class='ocrx_word' id='word_1_166' title='bbox 1026 2437 1129 2490; x_wconf 89' lang='lat' dir='ltr'>autem</span> 
     </span>
     <span class='ocr_line' id='line_1_23' title="bbox 179 2528 1130 2608; baseline -0.002 -20"><span class='ocrx_word' id='word_1_167' title='bbox 179 2547 246 2588; x_wconf 88' lang='lat' dir='ltr'>esse</span> <span class='ocrx_word' id='word_1_168' title='bbox 268 2528 391 2608; x_wconf 85' lang='lat' dir='ltr'>multa),</span> <span class='ocrx_word' id='word_1_169' title='bbox 414 2529 453 2587; x_wconf 92' lang='lat' dir='ltr'>ab</span> <span class='ocrx_word' id='word_1_170' title='bbox 478 2529 532 2603; x_wconf 78' lang='lat' dir='ltr'>eis,</span> <span class='ocrx_word' id='word_1_171' title='bbox 554 2530 581 2588; x_wconf 91' lang='lat' dir='ltr'>si</span> <span class='ocrx_word' id='word_1_172' title='bbox 602 2528 769 2602; x_wconf 84' lang='lat' dir='ltr'>videbitur,</span> <span class='ocrx_word' id='word_1_173' title='bbox 792 2528 847 2604; x_wconf 93' lang='lat' dir='ltr'>qui</span> <span class='ocrx_word' id='word_1_174' title='bbox 871 2528 934 2586; x_wconf 88' lang='lat' dir='ltr'>ista</span> <span class='ocrx_word' id='word_1_175' title='bbox 957 2528 1130 2605; x_wconf 87' lang='lat' dir='ltr'>disputant,</span> 
     </span>
     <span class='ocr_line' id='line_1_24' title="bbox 180 2626 363 2703; baseline -0.005 -19"><span class='ocrx_word' id='word_1_176' title='bbox 180 2626 363 2703; x_wconf 90' lang='lat' dir='ltr'>quaeritote.</span> 
     </span>
    </p>

    <p class='ocr_par' dir='ltr' id='par_1_5' title="bbox 179 2721 1191 2992">
     <span class='ocr_line' id='line_1_25' title="bbox 220 2721 1131 2798; baseline -0.002 -16"><span class='ocrx_word' id='word_1_177' title='bbox 220 2721 267 2784; x_wconf 81' lang='lat'>25.</span> <span class='ocrx_word' id='word_1_178' title='bbox 297 2725 445 2781; x_wconf 80' lang='lat' dir='ltr'>Fannius.</span> <span class='ocrx_word' id='word_1_179' title='bbox 475 2723 542 2782; x_wconf 85' lang='lat' dir='ltr'>Nos</span> <span class='ocrx_word' id='word_1_180' title='bbox 565 2727 666 2781; x_wconf 89' lang='lat' dir='ltr'>autem</span> <span class='ocrx_word' id='word_1_181' title='bbox 694 2727 767 2780; x_wconf 88' lang='lat' dir='ltr'>ate</span> <span class='ocrx_word' id='word_1_182' title='bbox 792 2721 913 2798; x_wconf 88' lang='lat' dir='ltr'>potius;</span> <span class='ocrx_word' id='word_1_183' title='bbox 942 2740 1131 2798; x_wconf 90' lang='lat' dir='ltr'>quamquam</span> 
     </span>
     <span class='ocr_line' id='line_1_26' title="bbox 179 2818 1191 2904; baseline -0.003 -27"><span class='ocrx_word' id='word_1_184' title='bbox 179 2820 275 2878; x_wconf 91' lang='lat' dir='ltr'>etiam</span> <span class='ocrx_word' id='word_1_185' title='bbox 299 2820 338 2878; x_wconf 93' lang='lat' dir='ltr'>ab</span> <span class='ocrx_word' id='word_1_186' title='bbox 360 2819 432 2878; x_wconf 92' lang='lat' dir='ltr'>istis</span> <span class='ocrx_word' id='word_1_187' title='bbox 455 2837 547 2904; x_wconf 80' lang='lat' dir='ltr'>saepe</span> <span class='ocrx_word' id='word_1_188' title='bbox 569 2818 711 2894; x_wconf 89' lang='lat' dir='ltr'>quaesivi</span> <span class='ocrx_word' id='word_1_189' title='bbox 736 2824 768 2876; x_wconf 92' lang='lat' dir='ltr'>et</span> <span class='ocrx_word' id='word_1_190' title='bbox 793 2818 900 2877; x_wconf 86' lang='lat' dir='ltr'>audivi</span> <span class='ocrx_word' id='word_1_191' title='bbox 925 2837 988 2876; x_wconf 90' lang='lat' dir='ltr'>non</span> <span class='ocrx_word' id='word_1_192' title='bbox 1012 2819 1131 2879; x_wconf 89' lang='lat' dir='ltr'>invitus</span> <span class='ocrx_word' id='word_1_193' title='bbox 1152 2834 1191 2878; x_wconf 63' lang='lat'>25„</span> 
     </span>
     <span class='ocr_line' id='line_1_27' title="bbox 179 2914 1088 2992; baseline -0.003 -17"><span class='ocrx_word' id='word_1_194' title='bbox 179 2917 341 2992; x_wconf 82' lang='lat' dir='ltr'>equidem3</span> <span class='ocrx_word' id='word_1_195' title='bbox 371 2916 426 2975; x_wconf 87' lang='lat' dir='ltr'>sed</span> <span class='ocrx_word' id='word_1_196' title='bbox 447 2915 534 2975; x_wconf 87' lang='lat' dir='ltr'>aliud</span> <span class='ocrx_word' id='word_1_197' title='bbox 549 2915 705 2991; x_wconf 87' lang='lat' dir='ltr'>quoddam</span> <span class='ocrx_word' id='word_1_198' title='bbox 726 2914 815 2973; x_wconf 91' lang='lat' dir='ltr'>filum</span> <span class='ocrx_word' id='word_1_199' title='bbox 836 2915 985 2974; x_wconf 90' lang='lat' dir='ltr'>orationis</span> <span class='ocrx_word' id='word_1_200' title='bbox 1007 2921 1088 2973; x_wconf 91' lang='lat' dir='ltr'>tuae.</span> 
     </span>
    </p>

    <p class='ocr_par' dir='ltr' id='par_1_6' title="bbox 178 3011 1182 3362">
     <span class='ocr_line' id='line_1_28' title="bbox 219 3011 1132 3088; baseline -0.002 -17"><span class='ocrx_word' id='word_1_201' title='bbox 219 3013 372 3072; x_wconf 79' lang='lat' dir='ltr'>Scaeuola.</span> <span class='ocrx_word' id='word_1_202' title='bbox 402 3014 482 3069; x_wconf 85' lang='lat' dir='ltr'>Tum</span> <span class='ocrx_word' id='word_1_203' title='bbox 499 3012 599 3085; x_wconf 90' lang='lat' dir='ltr'>magis</span> <span class='ocrx_word' id='word_1_204' title='bbox 618 3011 652 3070; x_wconf 90' lang='lat' dir='ltr'>id</span> <span class='ocrx_word' id='word_1_205' title='bbox 672 3011 799 3085; x_wconf 83' lang='lat' dir='ltr'>diceres,</span> <span class='ocrx_word' id='word_1_206' title='bbox 814 3011 925 3084; x_wconf 78' lang='lat' dir='ltr'>Fanni,</span> <span class='ocrx_word' id='word_1_207' title='bbox 941 3012 967 3069; x_wconf 92' lang='lat' dir='ltr'>si</span> <span class='ocrx_word' id='word_1_208' title='bbox 985 3030 1083 3088; x_wconf 92' lang='lat' dir='ltr'>nuper</span> <span class='ocrx_word' id='word_1_209' title='bbox 1098 3011 1132 3069; x_wconf 93' lang='lat' dir='ltr'>in</span> 
     </span>
     <span class='ocr_line' id='line_1_29' title="bbox 178 3108 1130 3185; baseline 0.001 -19"><span class='ocrx_word' id='word_1_210' title='bbox 178 3109 278 3168; x_wconf 90' lang='lat' dir='ltr'>hortis</span> <span class='ocrx_word' id='word_1_211' title='bbox 302 3109 467 3185; x_wconf 82' lang='lat' dir='ltr'>Scipionis,</span> <span class='ocrx_word' id='word_1_212' title='bbox 490 3127 559 3166; x_wconf 91' lang='lat' dir='ltr'>cum</span> <span class='ocrx_word' id='word_1_213' title='bbox 583 3113 631 3166; x_wconf 90' lang='lat' dir='ltr'>est</span> <span class='ocrx_word' id='word_1_214' title='bbox 656 3108 694 3166; x_wconf 89' lang='lat' dir='ltr'>de</span> <span class='ocrx_word' id='word_1_215' title='bbox 719 3126 751 3166; x_wconf 93' lang='lat' dir='ltr'>re</span> <span class='ocrx_word' id='word_1_216' title='bbox 776 3108 902 3185; x_wconf 90' lang='lat' dir='ltr'>publica</span> <span class='ocrx_word' id='word_1_217' title='bbox 926 3108 1130 3185; x_wconf 83' lang='lat' dir='ltr'>disputatum,</span> 
     </span>
     <span class='ocr_line' id='line_1_30' title="bbox 179 3204 1132 3281; baseline 0 -16"><span class='ocrx_word' id='word_1_218' title='bbox 179 3206 343 3265; x_wconf 86' lang='lat' dir='ltr'>adfuisses.</span> <span class='ocrx_word' id='word_1_219' title='bbox 386 3205 495 3275; x_wconf 80' lang='lat' dir='ltr'>Qualis</span> <span class='ocrx_word' id='word_1_220' title='bbox 516 3211 584 3263; x_wconf 90' lang='lat' dir='ltr'>turn</span> <span class='ocrx_word' id='word_1_221' title='bbox 605 3210 755 3281; x_wconf 86' lang='lat' dir='ltr'>patronus</span> <span class='ocrx_word' id='word_1_222' title='bbox 776 3204 916 3264; x_wconf 90' lang='lat' dir='ltr'>iustitiae</span> <span class='ocrx_word' id='word_1_223' title='bbox 939 3205 1002 3263; x_wconf 87' lang='lat' dir='ltr'>fuit</span> <span class='ocrx_word' id='word_1_224' title='bbox 1024 3212 1132 3265; x_wconf 90' lang='lat' dir='ltr'>contra</span> 
     </span>
     <span class='ocr_line' id='line_1_31' title="bbox 179 3301 1182 3362; baseline -0.001 0"><span class='ocrx_word' id='word_1_225' title='bbox 179 3308 354 3362; x_wconf 88' lang='lat' dir='ltr'>accuratam</span> <span class='ocrx_word' id='word_1_226' title='bbox 370 3303 541 3361; x_wconf 90' lang='lat' dir='ltr'>orationem</span> <span class='ocrx_word' id='word_1_227' title='bbox 556 3301 660 3361; x_wconf 81' lang='lat' dir='ltr'>Phili!</span> <span class='ocrx_word' id='word_1_228' title='bbox 1152 3316 1182 3361; x_wconf 81' lang='lat' dir='ltr'>ao</span> 
     </span>
    </p>

    <p class='ocr_par' dir='ltr' id='par_1_7' title="bbox 179 3397 1132 3557">
     <span class='ocr_line' id='line_1_32' title="bbox 218 3397 1132 3475; baseline 0 -17"><span class='ocrx_word' id='word_1_229' title='bbox 218 3401 366 3458; x_wconf 76' lang='lat' dir='ltr'>Fannius.</span> <span class='ocrx_word' id='word_1_230' title='bbox 395 3398 501 3458; x_wconf 77' lang='lat' dir='ltr'>Facile</span> <span class='ocrx_word' id='word_1_231' title='bbox 515 3398 549 3457; x_wconf 91' lang='lat' dir='ltr'>id</span> <span class='ocrx_word' id='word_1_232' title='bbox 563 3398 690 3475; x_wconf 91' lang='lat' dir='ltr'>quidem</span> <span class='ocrx_word' id='word_1_233' title='bbox 705 3398 777 3472; x_wconf 83' lang='lat' dir='ltr'>fuit,</span> <span class='ocrx_word' id='word_1_234' title='bbox 788 3397 944 3458; x_wconf 87' lang='lat' dir='ltr'>iustitiam</span> <span class='ocrx_word' id='word_1_235' title='bbox 958 3398 1132 3460; x_wconf 87' lang='lat' dir='ltr'>iustissimo</span> 
     </span>
     <span class='ocr_line' id='line_1_33' title="bbox 179 3496 439 3557; baseline -0.004 -1"><span class='ocrx_word' id='word_1_236' title='bbox 179 3497 248 3557; x_wconf 85' lang='lat' dir='ltr'>viro</span> <span class='ocrx_word' id='word_1_237' title='bbox 262 3496 439 3555; x_wconf 86' lang='lat' dir='ltr'>defendere.</span> 
     </span>
    </p>
   </div>
   <div class='ocr_carea' id='block_1_5' title="bbox 0 0 1342 3984">
    <p class='ocr_par' dir='ltr' id='par_1_8' title="bbox 0 0 1342 3984">
     <span class='ocr_line' id='line_1_34' title="bbox 0 0 1342 3984; baseline 0 0"><span class='ocrx_word' id='word_1_238' title='bbox 0 0 1342 3984; x_wconf 95' lang='lat' dir='ltr'> </span> 
     </span>
    </p>
   </div>
  </div>
 </body>
</html>
