2667 3984
500 392 673 453 onnrrnns
693 392 772 447 xix..
792 392 849 438 xx.
1134 377 1176 440 29

174 581 193 621 a
207 561 274 622 suis
290 567 345 621 aut
364 560 492 637 ingenio
511 565 566 620 aut
586 560 716 619 fortuna
730 565 785 619 aut
799 559 954 637 dignitate
969 559 1122 637 superari.

174 660 312 730 Quorum
337 658 481 735 plerique
503 663 557 716 aut
580 662 755 734 queruntur
778 675 901 734 semper
923 657 1048 735 aliquid
1070 663 1126 716 aut

175 755 272 821 etiam
293 755 493 832 exprobrant,
513 772 611 831 eoque
634 754 744 830 magis,
764 753 792 812 si
813 753 928 812 habere
946 772 979 812 se
999 759 1121 830 putant,

176 853 259 931 quod
278 852 415 911 officiose
437 858 469 910 et
490 851 589 910 amice
610 856 642 909 et
660 869 731 910 oum
747 850 852 909 labore
868 849 976 928 aliquo
991 869 1046 910 suo
1062 852 1126 911 fac·

175 955 242 1008 tum
265 955 382 1027 queant
404 948 517 1007 dicere.
564 947 716 1008 Odiosum
741 966 816 1006 sana
842 966 939 1023 genus
964 947 1127 1007 hominum
1163 961 1178 1005 5

175 1046 278 1106 officia
304 1045 576 1123 exprobrantium
608 1063 687 1121 quae
710 1043 891 1103 meminisse
913 1044 1005 1104 debet
1028 1043 1063 1115 is,
1093 1045 1126 1103 in

176 1162 268 1220 quem
290 1142 407 1202 collata
427 1146 510 1217 sunt,
534 1160 599 1201 non
620 1159 870 1213 commemorare,
896 1140 952 1218 qui
978 1140 1122 1200 contulit.

177 1239 225 1300 ⁷2.
259 1239 359 1309 Quam
380 1239 516 1314 obrem,
539 1246 577 1298 ut
598 1238 637 1312 ei,
659 1237 715 1315 qui
737 1237 914 1315 superiores
936 1242 1018 1312 sunt,
1045 1257 1126 1297 sum·

176 1337 304 1396 mittere
324 1353 357 1394 se
377 1336 492 1395 debent
508 1335 541 1393 in
558 1334 709 1409 amicitia,
730 1334 775 1394 sio
791 1335 925 1411 quodam
941 1335 1032 1393 modo
1047 1335 1127 1393 infe·

176 1433 275 1492 riores
304 1432 466 1492 extollere.
513 1432 594 1491 Sunt
619 1431 705 1491 enim
730 1431 867 1508 quidam,
897 1431 953 1509 qui
978 1432 1127 1491 molestas
1151 1446 1180 1491 10

176 1529 335 1590 amicitias
355 1530 487 1602 faciunt,
507 1547 577 1588 cum
593 1528 656 1606 ipsi
671 1547 704 1588 se
720 1528 879 1587 contemni
893 1533 1021 1606 putant3
1045 1530 1128 1605 quod

176 1647 239 1686 non
262 1627 328 1685 fere
350 1625 508 1702 contingit
529 1625 593 1685 nisi
614 1626 671 1699 eis,
690 1625 746 1702 qui
767 1625 864 1685 etiarn
886 1627 1127 1685 contemnendos

177 1743 210 1784 se
233 1723 441 1798 arbitrantur3
475 1723 531 1800 qui
552 1722 610 1782 hac
632 1722 782 1799 opinione
807 1741 871 1782 non
896 1724 988 1782 modo
1009 1723 1124 1795 verbis

177 1820 349 1880 sedetiam
371 1839 467 1897 opera
488 1818 616 1878 levandi
637 1825 720 1879 sunt.
786 1817 834 1880 7³.
866 1820 1002 1879 Tantum
1024 1826 1129 1879 autem

177 1918 290 1995 cuique
319 1916 531 1991 tribuendum,
564 1916 701 1994 primum
730 1921 883 1994 quantum
912 1903 980 1993 ipse
1009 1916 1129 1976 efficere
1153 1932 1180 1976 15

177 2013 290 2092 possis,
313 2013 425 2073 deinde
447 2013 543 2072 etiam
565 2018 719 2090 quantum
742 2012 807 2086 ille,
832 2032 924 2090 quem
946 2013 1062 2089 diligas
1084 2019 1130 2073 at·

178 2131 239 2189 que
260 2110 400 2184 adiuves,
420 2110 586 2170 sustinere.
631 2110 707 2169 Non
727 2109 812 2169 enim
833 2129 935 2188 neque
955 2115 992 2170 tu
1013 2110 1126 2187 possiS,

179 2209 324 2286 quamvis
340 2207 486 2281 excellas,
503 2226 610 2266 omnes
625 2211 696 2266 tuos
712 2207 752 2266 ad
766 2206 900 2266 honores
916 2206 1129 2284 amplissimos

178 2306 357 2383 perducere,
387 2309 423 2363 ut
449 2303 556 2381 Scipio
581 2304 616 2362 P.
646 2303 813 2380 Rupilium
839 2304 945 2381 potuit
970 2305 1130 2363 consulem

180 2401 310 2474 efficere,
335 2401 468 2460 fratrem
489 2401 557 2459 eius
579 2401 614 2458 L.
639 2419 703 2459 non
725 2400 838 2477 potuit.
893 2401 1012 2470 Quodsi
1035 2401 1131 2460 etiam
1152 2418 1182 2462 20

180 2498 282 2577 possis
304 2497 432 2575 quidvis
455 2497 579 2556 deferre
600 2497 640 2556 ad
661 2496 807 2572 alterurn,
825 2496 997 2556 videndum
1016 2502 1065 2557 est
1085 2504 1131 2557 ta·

180 2615 261 2670 men,
280 2595 357 2672 quid
379 2594 436 2654 ille
457 2593 560 2671 possit
582 2593 749 2653 sustinere.

221 2691 269 2754 74.
297 2691 432 2752 Omnino
448 2690 609 2751 amicitiae
624 2690 831 2750 corroboratis
848 2690 910 2750 iam
925 2691 1132 2751 confirmatis·

112 2807 114 2810 ’
181 2808 240 2867 que
262 2794 295 2847 et
316 2788 453 2864 ingeniis
474 2793 507 2847 et
526 2787 684 2847 aetatibus
708 2787 894 2847 iudicandae
915 2793 997 2860 sunt,
1018 2807 1083 2861 neo,
1103 2788 1132 2847 si

180 2886 236 2964 qui
263 2886 392 2944 ineunte
418 2889 519 2944 aetate
543 2884 681 2943 venandi
706 2890 761 2944 aut
788 2885 872 2961 pilae
901 2884 1036 2944 studiosi
1065 2886 1133 2944 lue·
1154 2903 1184 2948 25

182 2988 265 3057 runt,
284 3001 336 3041 eos
358 2982 472 3041 habere
494 2981 698 3054 necessarios,
717 3000 795 3058 quos
817 2987 885 3040 tum
904 2981 1012 3040 eodem
1029 2982 1133 3041 studio

181 3079 342 3157 praeditos
369 3078 559 3137 dilexerunt.
613 3078 682 3138 Isto
708 3078 792 3138 enim
819 3078 911 3139 modo
935 3080 1075 3141 nutrices
1102 3085 1134 3140 et

182 3175 355 3254 paedagogi
369 3175 436 3234 iure
447 3175 618 3235 vetustatis
629 3175 802 3252 plurimum
814 3175 1053 3237 benevolentiae
1064 3197 1134 3255 pos·

182 3272 346 3346 tulabunt3
370 3272 425 3350 qui
447 3272 635 3348 neglegendi
657 3272 785 3349 quidem
807 3291 869 3330 non
891 3278 974 3345 sunt,
995 3275 1049 3333 sed
1071 3275 1135 3334 alio

167 3370 318 3447 *quodam
341 3370 432 3429 modo
453 3369 651 3428 aestimandi.
700 3369 803 3428 Aliter
823 3369 983 3429 amicitiae
1003 3372 1135 3431 stabiles
1157 3388 1186 3432 so

183 3485 366 3545 permanere
380 3485 442 3524 non
457 3471 599 3544 possunt.
644 3465 796 3543 Dispares
813 3467 897 3525 enim
914 3485 1015 3527 mores
1031 3468 1136 3546 dispa-

184 3565 232 3626 ria
254 3564 361 3625 studia
382 3570 563 3642 sequuntur,
583 3581 716 3640 quorum
737 3548 968 3626 dissimilitudo
985 3564 1136 3629 dissociat
