2667 3984
548 327 720 374 0111011110
741 327 794 382 1x.‚
813 326 845 372 x.
1156 310 1198 374 15

195 497 289 556 citiae
317 497 524 574 sempiternae
554 501 635 556 sunt.
692 496 803 556 Ortum
834 495 960 572 quidem
990 494 1147 555 amicitiae

195 593 321 669 videtis,
341 593 403 654 nisi
425 593 502 671 quid
523 592 659 652 adhaec
680 592 764 651 forte
782 591 889 652 vultis.

235 693 384 750 Fannius.
414 692 463 750 Tu
479 709 552 749 vero
571 707 675 767 perge,
693 689 798 764 Laeli,
823 708 879 766 pro
899 688 958 748 hoc
979 688 1073 764 enim,
1092 688 1147 766 qui

196 789 298 847 minor
312 795 360 848 est
374 794 461 863 natu,
476 806 544 846 meo
558 787 624 845 iure
639 786 820 863 respondeo.

237 883 283 945 33.
314 886 468 945 Scaevola.
499 885 596 944 Recte
614 889 649 942 tu
663 883 800 960 quidem.
841 882 1079 953 Quamobrem
1097 901 1148 942 au·
1183 897 1198 941 5

196 981 326 1041 diamus.
1034 1040 1037 1045 .

235 1079 274 1137 Χ.
304 1080 436 1138 Laelios.
467 1077 585 1137 Audite
602 1095 686 1152 rere,
704 1077 817 1154 optimi
832 1077 903 1151 viri,
921 1095 966 1151 ea,
984 1095 1063 1154 quae
1085 1095 1147 1136 sae

196 1175 323 1252 pissime
333 1175 471 1234 interme
480 1181 512 1234 et
523 1174 698 1252 Scipionem
709 1175 747 1232 de
757 1174 1145 1233 amicitiadisserebantur.

194 1273 388 1349 Quamquam
410 1271 465 1331 ille
488 1271 615 1349 quidem
637 1270 719 1329 nihil
742 1269 900 1331 difficilius
924 1288 991 1330 esse
1013 1270 1146 1344 dicebat,

195 1388 289 1446 quam
308 1368 479 1428 amicitiam
498 1387 597 1446 usque
619 1368 659 1427 ad
680 1373 854 1426 extremum
872 1367 956 1425 vitae
978 1367 1059 1426 diem
1081 1385 1148 1444 per·
1169 1381 1197 1425 10

195 1484 327 1524 manere.
378 1465 470 1540 Nam,
491 1465 541 1524 vel
564 1471 685 1524 utnon
708 1464 790 1523 idem
816 1463 985 1540 expediret,
1009 1463 1146 1523 incidere

195 1579 296 1639 saepe,
311 1561 362 1620 vel
381 1567 417 1621 ut
436 1562 526 1620 dere
545 1561 672 1638 publica
690 1580 753 1619 non
773 1560 856 1620 idem
878 1560 1061 1635 sentiretur;
1083 1579 1147 1619 mu-

194 1659 256 1718 tari
281 1658 377 1718 etiam
401 1677 501 1719 mores
526 1658 688 1717 hominum
712 1676 804 1734 saepe
832 1658 964 1728 dicebat,
989 1657 1068 1717 alias
1096 1657 1147 1716 ad-

195 1755 294 1815 versis
309 1756 410 1830 rebus,
426 1755 505 1815 alias
519 1760 622 1815 aetate
638 1755 881 1830 ingravescente.
921 1756 1025 1831 Atque
1040 1772 1146 1813 earum

195 1869 298 1910 rerum
326 1851 500 1929 exemplum
530 1870 569 1910 ex
598 1851 807 1911 similitudine
836 1851 979 1928 capiebat
1008 1851 1146 1911 ineuntis
1169 1865 1196 1910 10

194 1949 317 2023 aetatis,
333 1949 416 2026 quod
434 1948 547 2009 summi
564 1967 731 2025 puerorum
748 1966 867 2007 amores
886 1966 978 2025 saepe
995 1967 1057 2006 una
1076 1966 1145 2006 cum

194 2052 357 2122 praetexta
377 2052 450 2121 toga
470 2052 677 2122 ponerentur,
713 2043 760 2104 34.
785 2045 835 2104 sin
855 2050 960 2103 autem
981 2045 1022 2104 ad
1043 2045 1147 2104 adule-

195 2141 345 2202 scentiam
362 2142 505 2219 perducti
523 2148 635 2215 essent,
654 2140 761 2200 dirimi
778 2148 884 2200 tamen
901 2141 1057 2200 interdum
1078 2160 1146 2200 con-

194 2238 333 2297 tentione
347 2239 398 2298 vel
414 2238 541 2298 uxoriae
559 2237 750 2298 condicionis
764 2237 816 2296 vel
833 2237 986 2297 commodi
1003 2238 1144 2313 alicuius,

194 2335 277 2411 quod
294 2335 376 2394 idem
395 2335 529 2412 adipisci
547 2342 676 2412 uterque
696 2353 758 2394 non
777 2341 890 2411 posset.
934 2335 1024 2404 Quod
1044 2335 1071 2394 si
1090 2336 1145 2411 qui
1167 2351 1197 2395 ao

193 2430 317 2506 longius
335 2432 369 2489 in
386 2432 525 2491 amicitia
542 2431 682 2508 provecti
701 2438 815 2505 essent,
830 2437 935 2490 tamen
954 2450 1046 2508 saepe
1066 2431 1146 2492 labe-

193 2527 315 2600 factari,
328 2528 355 2587 si
370 2528 544 2588 inhonoris
559 2528 788 2587 contentionem
805 2527 990 2587 incidissent
1000 2551 1006 2601 ;
1016 2534 1144 2604 ‘pestem

194 2624 277 2683 enim
288 2624 407 2683 nullam
422 2625 568 2684 maiorem
586 2642 653 2684 esse
667 2623 816 2683 amicitiis
831 2643 923 2700 quam
939 2623 973 2681 111
987 2624 1145 2702 plerisque

194 2720 342 2797 pecuniae
367 2721 582 2798 cupiditatem,
606 2721 640 2779 in
664 2720 792 2798 optimis
817 2721 993 2797 quibusque
1017 2721 1144 2782 honoris

193 2824 349 2876 certamen
361 2823 393 2877 et
404 2817 537 2893 gloriae3
558 2837 597 2876 ex
611 2836 673 2894 quo
688 2816 869 2877 inimicitias
884 2817 1037 2877 maximas
1052 2837 1144 2896 saepe
1166 2836 1195 2879 25

192 2913 275 2972 inter
294 2913 499 2981 amicissimos
521 2914 689 2975 exstitisse.
756 2913 803 2974 35.
831 2915 947 2989 Magna
968 2914 1063 2973 etiam
1084 2915 1145 2975 dis-

192 3010 277 3069 cidia
291 3018 322 3070 et
336 3010 520 3088 plerumque
535 3011 619 3070 iusta
632 3011 729 3085 nasci,
744 3029 814 3069 cum
830 3010 953 3088 aliquid
969 3011 1008 3070 ab
1025 3011 1143 3085 amieis,

192 3107 277 3184 quod
296 3112 415 3166 rectum
436 3126 498 3165 11011
519 3114 610 3181 esset,
630 3106 850 3183 postularetur,
870 3111 906 3165 ut
927 3114 982 3167 aut
1002 3106 1143 3168 libidinis

192 3203 331 3262 ministri
352 3210 407 3263 aut
428 3203 585 3264 adiutores
607 3208 712 3263 essent
733 3203 773 3262 ad
795 3202 959 3279 iniuriam3
983 3205 1067 3280 quod
1089 3206 1144 3283 qui

192 3305 380 3373 recusarent,
404 3301 547 3376 quamvis
574 3300 704 3359 honeste
729 3300 762 3358 id
786 3300 936 3374 facerent,
961 3301 1010 3360 ius
1037 3308 1144 3362 tamen
1164 3318 1194 3363 30

193 3395 350 3455 amicitiae
369 3397 510 3456 deserere
529 3402 732 3472 arguerentur
749 3397 788 3455 ab
807 3396 862 3470 eis,
879 3398 992 3475 quibus
1013 3398 1144 3475 obsequi

192 3491 321 3556 nollent.
365 3493 442 3556 Illos
462 3497 576 3571 autem,
592 3493 646 3574 qui
665 3493 791 3575 quidvis
813 3494 852 3557 ab
873 3494 971 3556 amico
992 3494 1144 3558 auderent
