2667 3984
436 324 608 371 enarrans
629 325 809 371 xxi-xxm.
1081 309 1123 372 33

119 492 216 552 niret.
262 491 347 562 Quae
373 491 400 551 si
426 511 505 570 quos
527 491 611 550 iuter
632 491 765 551 societas
788 497 843 551 aut
864 497 913 552 est
933 497 988 552 aut
1009 492 1073 552 fuit

120 594 179 649 aut
210 589 319 648 futura
350 594 407 664 est,
436 608 542 648 eorum
573 594 621 647 est
652 588 813 649 habendus
846 590 887 649 ad
918 609 1073 649 summum

120 691 255 746 naturae
283 687 398 745 bonum
427 685 565 764 optimus
594 684 860 764 beatissimusque
891 688 1069 747 comitatus,

121 783 174 844 84.
199 784 287 842 Haec
302 790 359 858 est,
380 784 516 860 inquam,
536 783 680 856 societas,
700 783 733 841 in
751 785 933 861 quaomnia
951 786 1069 859 insunt,

121 899 204 958 quae
234 885 350 957 putant
380 879 522 939 homines
554 879 738 957 expetenda,
771 881 927 953 honestas,
960 882 1069 955 gloria,
1108 900 1122 943 5

121 976 344 1055 tranquillitas
362 976 461 1037 animi
481 981 575 1053 atque
594 976 783 1050 iucunditas,
802 982 893 1051 utet,
913 997 982 1036 cum
998 978 1074 1038 haec

122 1075 240 1149 adsint,
269 1074 361 1133 beata
385 1074 453 1133 vita
477 1073 522 1132 sit
546 1078 578 1132 et
606 1073 675 1132 sine
701 1073 753 1133 his
778 1093 846 1132 esse
872 1094 932 1133 non
959 1076 1070 1152 possit.

123 1171 214 1242 Quod
235 1189 306 1230 cum
327 1170 482 1249 optimum
504 1170 739 1247 maximumque
760 1170 813 1244 sit,
832 1171 860 1230 si
881 1172 914 1230 id
928 1172 1074 1230 volumus

123 1268 269 1346 adipisci,
292 1267 408 1326 virtuti
430 1286 525 1344 opera
545 1267 648 1326 danda
670 1272 727 1341 est,
747 1268 815 1326 sine
837 1287 899 1345 qua
920 1288 976 1328 nee
997 1269 1074 1328 ami-

122 1365 235 1425 citiam
259 1383 361 1442 neque
386 1364 485 1424 ullam
509 1383 575 1423 rem
601 1365 808 1442 expetendam
830 1365 980 1442 consequi
1004 1385 1074 1443 pos·
1097 1380 1125 1424 10

123 1480 248 1536 sumus,
292 1481 329 1520 ea
362 1481 437 1521 vero
471 1460 615 1537 neglecta
649 1462 705 1538 qui
741 1480 773 1520 se
809 1463 924 1521 amicos
960 1462 1074 1522 habere

123 1559 327 1630 arbitrantur,
357 1563 424 1617 turn
453 1577 485 1617 se
511 1557 647 1635 denique
675 1576 795 1618 errasse
824 1560 975 1634 sentiunt,
1004 1579 1074 1619 cum

123 1674 176 1734 eos
202 1656 307 1732 gravis
333 1655 451 1732 aliquis
476 1673 565 1714 casus
591 1654 729 1732 experiri
754 1655 848 1731 cogit.
914 1656 962 1717 85,
995 1658 1074 1726 Quo-

123 1752 208 1812 circa
236 1752 416 1830 (dicendum
445 1757 494 1811 est
522 1751 606 1810 euim
632 1751 784 1829 saepius),
813 1771 883 1811 cum
909 1752 1070 1825 iudicaria,

124 1850 258 1925 diligere
280 1853 412 1926 oportet,
438 1867 510 1921 non,
536 1867 606 1907 cum
628 1848 789 1923 dilexeris,
817 1849 964 1910 iudIcare.
1014 1851 1074 1909 Sed
1097 1866 1126 1911 15

123 1965 194 2007 cum
227 1945 337 2005 multis
371 1946 404 2004 in
436 1945 527 2004 rebus
560 1944 762 2021 neglegentia
797 1946 974 2022 plectimur,
1006 1953 1078 2006 tum

123 2043 261 2102 maxime
287 2043 319 2101 in
344 2042 454 2102 amicis
481 2047 513 2100 et
537 2041 715 2118 deligendis
742 2047 775 2101 et
801 2043 956 2118 colendis3
986 2063 1074 2121 prae-

124 2140 261 2219 posteris
283 2140 368 2198 enim
389 2139 510 2199 utimur
532 2139 676 2199 consiliis
697 2146 729 2198 et
750 2146 820 2199 acta
841 2141 972 2216 agimus,
992 2143 1075 2218 quod

124 2243 268 2297 vetamur
290 2242 395 2297 vetere
419 2235 594 2314 proverbio.
647 2237 729 2295 Nam
753 2237 910 2313 implicati
935 2238 1019 2297 ultro
1043 2245 1075 2298 et

124 2334 206 2394 citro
226 2334 279 2392 vel
301 2353 361 2394 usu
384 2333 535 2393 diuturno
555 2333 607 2392 vel
632 2333 727 2392 etiam
751 2333 870 2405 officiis
890 2340 1019 2411 repente
1042 2336 1075 2394 iu
1096 2351 1126 2398 ao

124 2431 228 2490 medio
251 2450 343 2492 cursu
368 2430 526 2491 amicitias
554 2436 664 2489 exorta
691 2429 800 2508 aliqua
828 2431 1000 2492 offensione
1028 2433 1076 2492 di·

125 2528 312 2605 rumpimus,

164 2625 293 2685 XXIII.
325 2624 374 2685 86.
404 2625 471 2695 Quo
493 2624 589 2684 etiam
610 2624 711 2700 magis
729 2624 939 2702 vituperanda
960 2632 1009 2687 est
1029 2628 1076 2688 rei

124 2707 261 2782 maxime
290 2721 484 2781 necessariae
512 2726 601 2781 tanta
632 2721 764 2781 incuria.
820 2723 891 2782 Una
919 2728 967 2782 est
992 2724 1075 2783 euim

125 2819 268 2879 amicitia
289 2819 323 2878 in
344 2819 613 2893 rebushumanis,
633 2819 672 2878 de
693 2820 782 2879 cuius
804 2820 946 2879 utilitate
968 2839 1076 2881 omnes
1097 2838 1127 2884 25

124 2937 187 2975 uuo
217 2935 269 2974 ore
297 2914 508 2975 consentiunt.
565 2916 759 2992 Quamquam
788 2935 806 2974 a
834 2916 944 2976 multis
973 2919 1076 2978 virtus

127 3013 197 3090 ipsa
218 3012 430 3071 contemnitur
452 3017 485 3071 et
499 3012 676 3071 venditatio
691 3012 842 3089 quaedam
860 3018 955 3090 atque
973 3020 1077 3073 osteu-

125 3108 207 3168 tatio
235 3127 303 3167 esse
329 3107 462 3182 dicitur3
495 3108 591 3167 multi
618 3108 751 3167 divitias
780 3109 968 3186 despiciunt,
998 3130 1077 3188 quos

126 3224 224 3282 parvo
238 3211 402 3265 contentos
417 3205 523 3264 tenuis
538 3205 642 3264 victus
659 3206 827 3284 cultusque
848 3207 999 3282 delectat;
1023 3208 1078 3268 ho·

127 3321 218 3361 nores
236 3321 319 3373 vero,
339 3321 470 3380 quorum
489 3302 664 3380 cupiditate
682 3303 811 3381 quidam
830 3304 1074 3381 inflammantur,
1101 3322 1128 3367 30

127 3418 220 3477 quam
244 3399 338 3459 multi
363 3400 409 3458 ita
429 3404 643 3473 contemnunt,
669 3405 705 3459 ut
727 3400 810 3458 nihil
833 3401 969 3476 inanius,
994 3402 1079 3462 nihil

127 3515 195 3563 esse
217 3495 319 3556 levius
340 3496 538 3556 existiment!
563 3497 702 3574 itemque
722 3503 834 3572 cetera,
854 3517 932 3575 quae
951 3500 1078 3577 quibus·
