<?xml version="1.0" encoding="UTF-8"?>
<!DOCTYPE html PUBLIC "-//W3C//DTD XHTML 1.0 Transitional//EN"
    "http://www.w3.org/TR/xhtml1/DTD/xhtml1-transitional.dtd">
<html xmlns="http://www.w3.org/1999/xhtml" xml:lang="en" lang="en">
 <head>
  <title>
</title>
<meta http-equiv="Content-Type" content="text/html;charset=utf-8" />
  <meta name='ocr-system' content='tesseract 3.04.00' />
  <meta name='ocr-capabilities' content='ocr_page ocr_carea ocr_par ocr_line ocrx_word'/>
</head>
<body>
  <div class='ocr_page' id='page_1' title='image "./laeliusdeamicit10cicegoog_0025.png"; bbox 0 0 2667 3984; ppageno 0'>
   <div class='ocr_carea' id='block_1_1' title="bbox 526 313 821 371">
    <p class='ocr_par' dir='ltr' id='par_1_1' title="bbox 526 313 821 371">
     <span class='ocr_line' id='line_1_1' title="bbox 526 313 821 371; baseline 0 -11"><span class='ocrx_word' id='word_1_1' title='bbox 526 313 698 362; x_wconf 61' lang='lat' dir='ltr'>cumulis</span> <span class='ocrx_word' id='word_1_2' title='bbox 717 314 759 371; x_wconf 87' lang='lat' dir='ltr'>V.,</span> <span class='ocrx_word' id='word_1_3' title='bbox 777 314 821 361; x_wconf 84' lang='lat' dir='ltr'>Vl.</span> 
     </span>
    </p>
   </div>
   <div class='ocr_carea' id='block_1_2' title="bbox 167 480 1177 3561">
    <p class='ocr_par' dir='ltr' id='par_1_2' title="bbox 172 480 1176 1235">
     <span class='ocr_line' id='line_1_2' title="bbox 173 480 1125 561; baseline 0.003 -21"><span class='ocrx_word' id='word_1_4' title='bbox 173 481 351 561; x_wconf 88' lang='lat' dir='ltr'>pinquitate</span> <span class='ocrx_word' id='word_1_5' title='bbox 373 480 591 541; x_wconf 81' lang='lat' dir='ltr'>benevolentia</span> <span class='ocrx_word' id='word_1_6' title='bbox 612 480 683 541; x_wconf 89' lang='lat' dir='ltr'>tolli</span> <span class='ocrx_word' id='word_1_7' title='bbox 704 486 817 559; x_wconf 85' lang='lat' dir='ltr'>potest,</span> <span class='ocrx_word' id='word_1_8' title='bbox 841 501 880 542; x_wconf 87' lang='lat' dir='ltr'>ex</span> <span class='ocrx_word' id='word_1_9' title='bbox 902 482 1042 544; x_wconf 88' lang='lat' dir='ltr'>amicitia</span> <span class='ocrx_word' id='word_1_10' title='bbox 1063 503 1125 543; x_wconf 89' lang='lat' dir='ltr'>non</span> 
     </span>
     <span class='ocr_line' id='line_1_3' title="bbox 172 566 1126 656; baseline 0.002 -18"><span class='ocrx_word' id='word_1_11' title='bbox 172 584 294 656; x_wconf 76' lang='lat' dir='ltr'>potest,</span> <span class='ocrx_word' id='word_1_12' title='bbox 326 578 450 638; x_wconf 86' lang='lat' dir='ltr'>sublata</span> <span class='ocrx_word' id='word_1_13' title='bbox 474 579 558 638; x_wconf 91' lang='lat' dir='ltr'>enim</span> <span class='ocrx_word' id='word_1_14' title='bbox 585 579 803 640; x_wconf 82' lang='lat' dir='ltr'>benevolentia</span> <span class='ocrx_word' id='word_1_15' title='bbox 829 566 985 640; x_wconf 76' lang='lat' dir='ltr'>amicitiae</span> <span class='ocrx_word' id='word_1_16' title='bbox 1013 599 1126 640; x_wconf 90' lang='lat' dir='ltr'>nomen</span> 
     </span>
     <span class='ocr_line' id='line_1_4' title="bbox 172 675 1125 754; baseline 0.002 -19"><span class='ocrx_word' id='word_1_17' title='bbox 172 676 304 751; x_wconf 85' lang='lat' dir='ltr'>tollitur,</span> <span class='ocrx_word' id='word_1_18' title='bbox 330 675 575 754; x_wconf 87' lang='lat' dir='ltr'>propinquitatis</span> <span class='ocrx_word' id='word_1_19' title='bbox 602 682 717 735; x_wconf 90' lang='lat' dir='ltr'>manet.</span> <span class='ocrx_word' id='word_1_20' title='bbox 793 675 841 737; x_wconf 85' lang='lat'>20.</span> <span class='ocrx_word' id='word_1_21' title='bbox 870 677 994 747; x_wconf 77' lang='lat' dir='ltr'>Quanta</span> <span class='ocrx_word' id='word_1_22' title='bbox 1021 684 1125 737; x_wconf 91' lang='lat' dir='ltr'>autem</span> 
     </span>
     <span class='ocr_line' id='line_1_5' title="bbox 173 772 1126 851; baseline 0.002 -19"><span class='ocrx_word' id='word_1_23' title='bbox 173 774 222 832; x_wconf 86' lang='lat' dir='ltr'>vis</span> <span class='ocrx_word' id='word_1_24' title='bbox 237 773 393 833; x_wconf 82' lang='lat' dir='ltr'>amicitiae</span> <span class='ocrx_word' id='word_1_25' title='bbox 408 774 459 848; x_wconf 87' lang='lat' dir='ltr'>sit,</span> <span class='ocrx_word' id='word_1_26' title='bbox 474 791 513 832; x_wconf 87' lang='lat' dir='ltr'>ex</span> <span class='ocrx_word' id='word_1_27' title='bbox 526 772 585 832; x_wconf 87' lang='lat' dir='ltr'>hoc</span> <span class='ocrx_word' id='word_1_28' title='bbox 602 773 746 849; x_wconf 82' lang='lat' dir='ltr'>intellegi</span> <span class='ocrx_word' id='word_1_29' title='bbox 762 775 897 833; x_wconf 83' lang='lat' dir='ltr'>maxime</span> <span class='ocrx_word' id='word_1_30' title='bbox 914 779 1026 851; x_wconf 89' lang='lat' dir='ltr'>potest,</span> <span class='ocrx_word' id='word_1_31' title='bbox 1042 776 1126 851; x_wconf 89' lang='lat' dir='ltr'>quod</span> 
     </span>
     <span class='ocr_line' id='line_1_6' title="bbox 173 862 1176 947; baseline 0 -18"><span class='ocrx_word' id='word_1_32' title='bbox 173 889 213 929; x_wconf 82' lang='lat' dir='ltr'>ex</span> <span class='ocrx_word' id='word_1_33' title='bbox 231 862 356 929; x_wconf 89' lang='lat' dir='ltr'>infinita</span> <span class='ocrx_word' id='word_1_34' title='bbox 374 870 523 930; x_wconf 83' lang='lat' dir='ltr'>societate</span> <span class='ocrx_word' id='word_1_35' title='bbox 540 870 662 946; x_wconf 84' lang='lat' dir='ltr'>generis</span> <span class='ocrx_word' id='word_1_36' title='bbox 680 870 819 945; x_wconf 88' lang='lat' dir='ltr'>humani,</span> <span class='ocrx_word' id='word_1_37' title='bbox 834 889 927 947; x_wconf 87' lang='lat' dir='ltr'>quam</span> <span class='ocrx_word' id='word_1_38' title='bbox 945 871 1126 931; x_wconf 90' lang='lat' dir='ltr'>conciliavit</span> <span class='ocrx_word' id='word_1_39' title='bbox 1162 885 1176 929; x_wconf 79' lang='lat'>5</span> 
     </span>
     <span class='ocr_line' id='line_1_7' title="bbox 173 967 1126 1045; baseline 0.002 -19"><span class='ocrx_word' id='word_1_40' title='bbox 173 967 244 1045; x_wconf 87' lang='lat' dir='ltr'>ipsa</span> <span class='ocrx_word' id='word_1_41' title='bbox 260 972 381 1042; x_wconf 87' lang='lat' dir='ltr'>natura,</span> <span class='ocrx_word' id='word_1_42' title='bbox 396 967 442 1027; x_wconf 86' lang='lat' dir='ltr'>ita</span> <span class='ocrx_word' id='word_1_43' title='bbox 458 972 683 1039; x_wconf 64' lang='lat' dir='ltr'>contrectasse</span> <span class='ocrx_word' id='word_1_44' title='bbox 700 973 748 1026; x_wconf 88' lang='lat' dir='ltr'>est</span> <span class='ocrx_word' id='word_1_45' title='bbox 766 973 798 1026; x_wconf 90' lang='lat' dir='ltr'>et</span> <span class='ocrx_word' id='word_1_46' title='bbox 814 968 949 1028; x_wconf 87' lang='lat' dir='ltr'>adducta</span> <span class='ocrx_word' id='word_1_47' title='bbox 965 968 998 1026; x_wconf 92' lang='lat' dir='ltr'>in</span> <span class='ocrx_word' id='word_1_48' title='bbox 1016 987 1126 1044; x_wconf 86' lang='lat' dir='ltr'>angus-</span> 
     </span>
     <span class='ocr_line' id='line_1_8' title="bbox 172 1064 1125 1142; baseline 0.004 -21"><span class='ocrx_word' id='word_1_49' title='bbox 172 1069 251 1137; x_wconf 92' lang='lat' dir='ltr'>tum,</span> <span class='ocrx_word' id='word_1_50' title='bbox 266 1069 302 1122; x_wconf 88' lang='lat' dir='ltr'>ut</span> <span class='ocrx_word' id='word_1_51' title='bbox 318 1064 419 1123; x_wconf 89' lang='lat' dir='ltr'>omnis</span> <span class='ocrx_word' id='word_1_52' title='bbox 437 1064 551 1123; x_wconf 88' lang='lat' dir='ltr'>caritas</span> <span class='ocrx_word' id='word_1_53' title='bbox 569 1068 624 1123; x_wconf 87' lang='lat' dir='ltr'>aut</span> <span class='ocrx_word' id='word_1_54' title='bbox 640 1064 723 1123; x_wconf 87' lang='lat' dir='ltr'>inter</span> <span class='ocrx_word' id='word_1_55' title='bbox 740 1064 818 1123; x_wconf 90' lang='lat' dir='ltr'>duos</span> <span class='ocrx_word' id='word_1_56' title='bbox 837 1070 892 1123; x_wconf 88' lang='lat' dir='ltr'>aut</span> <span class='ocrx_word' id='word_1_57' title='bbox 910 1064 993 1124; x_wconf 90' lang='lat' dir='ltr'>inter</span> <span class='ocrx_word' id='word_1_58' title='bbox 1011 1083 1125 1142; x_wconf 89' lang='lat' dir='ltr'>paucos</span> 
     </span>
     <span class='ocr_line' id='line_1_9' title="bbox 174 1160 362 1235; baseline 0.005 -17"><span class='ocrx_word' id='word_1_59' title='bbox 174 1160 362 1235; x_wconf 85' lang='lat' dir='ltr'>iungeretur.</span> 
     </span>
    </p>

    <p class='ocr_par' dir='ltr' id='par_1_3' title="bbox 167 1256 1177 3561">
     <span class='ocr_line' id='line_1_10' title="bbox 213 1256 1126 1320; baseline 0 -3"><span class='ocrx_word' id='word_1_60' title='bbox 213 1257 269 1317; x_wconf 90' lang='lat' dir='ltr'>VI.</span> <span class='ocrx_word' id='word_1_61' title='bbox 299 1257 358 1316; x_wconf 79' lang='lat' dir='ltr'>Est</span> <span class='ocrx_word' id='word_1_62' title='bbox 376 1257 458 1316; x_wconf 91' lang='lat' dir='ltr'>enim</span> <span class='ocrx_word' id='word_1_63' title='bbox 479 1257 618 1317; x_wconf 86' lang='lat' dir='ltr'>amicitia</span> <span class='ocrx_word' id='word_1_64' title='bbox 636 1256 718 1316; x_wconf 91' lang='lat' dir='ltr'>nihil</span> <span class='ocrx_word' id='word_1_65' title='bbox 738 1256 824 1317; x_wconf 92' lang='lat' dir='ltr'>aliud</span> <span class='ocrx_word' id='word_1_66' title='bbox 843 1258 905 1318; x_wconf 89' lang='lat' dir='ltr'>nisi</span> <span class='ocrx_word' id='word_1_67' title='bbox 924 1258 1062 1317; x_wconf 88' lang='lat' dir='ltr'>omnium</span> <span class='ocrx_word' id='word_1_68' title='bbox 1082 1258 1126 1320; x_wconf 91' lang='lat' dir='ltr'>di-</span> 
     </span>
     <span class='ocr_line' id='line_1_11' title="bbox 174 1353 1177 1431; baseline 0.003 -19"><span class='ocrx_word' id='word_1_69' title='bbox 174 1353 317 1412; x_wconf 90' lang='lat' dir='ltr'>vinarum</span> <span class='ocrx_word' id='word_1_70' title='bbox 338 1355 605 1431; x_wconf 88' lang='lat' dir='ltr'>humanarumque</span> <span class='ocrx_word' id='word_1_71' title='bbox 628 1374 729 1413; x_wconf 88' lang='lat' dir='ltr'>rerum</span> <span class='ocrx_word' id='word_1_72' title='bbox 756 1374 827 1413; x_wconf 90' lang='lat' dir='ltr'>cum</span> <span class='ocrx_word' id='word_1_73' title='bbox 851 1354 1069 1415; x_wconf 84' lang='lat' dir='ltr'>benevolentia</span> <span class='ocrx_word' id='word_1_74' title='bbox 1093 1361 1126 1415; x_wconf 91' lang='lat' dir='ltr'>et</span> <span class='ocrx_word' id='word_1_75' title='bbox 1148 1370 1177 1415; x_wconf 89' lang='lat'>10</span> 
     </span>
     <span class='ocr_line' id='line_1_12' title="bbox 173 1451 1126 1530; baseline 0.002 -20"><span class='ocrx_word' id='word_1_76' title='bbox 173 1451 303 1510; x_wconf 86' lang='lat' dir='ltr'>caritate</span> <span class='ocrx_word' id='word_1_77' title='bbox 322 1452 500 1526; x_wconf 81' lang='lat' dir='ltr'>consensi03</span> <span class='ocrx_word' id='word_1_78' title='bbox 522 1470 585 1527; x_wconf 90' lang='lat' dir='ltr'>qua</span> <span class='ocrx_word' id='word_1_79' title='bbox 603 1451 730 1527; x_wconf 92' lang='lat' dir='ltr'>quidem</span> <span class='ocrx_word' id='word_1_80' title='bbox 748 1451 834 1510; x_wconf 88' lang='lat' dir='ltr'>haud</span> <span class='ocrx_word' id='word_1_81' title='bbox 854 1452 917 1510; x_wconf 88' lang='lat' dir='ltr'>scio</span> <span class='ocrx_word' id='word_1_82' title='bbox 936 1470 976 1510; x_wconf 90' lang='lat' dir='ltr'>an</span> <span class='ocrx_word' id='word_1_83' title='bbox 996 1459 1126 1530; x_wconf 84' lang='lat' dir='ltr'>excepta</span> 
     </span>
     <span class='ocr_line' id='line_1_13' title="bbox 173 1547 1125 1625; baseline 0.002 -18"><span class='ocrx_word' id='word_1_84' title='bbox 173 1547 330 1625; x_wconf 84' lang='lat' dir='ltr'>sapientia</span> <span class='ocrx_word' id='word_1_85' title='bbox 348 1547 429 1605; x_wconf 90' lang='lat' dir='ltr'>nihil</span> <span class='ocrx_word' id='word_1_86' title='bbox 449 1547 561 1606; x_wconf 90' lang='lat' dir='ltr'>melius</span> <span class='ocrx_word' id='word_1_87' title='bbox 580 1548 700 1606; x_wconf 93' lang='lat' dir='ltr'>homini</span> <span class='ocrx_word' id='word_1_88' title='bbox 722 1548 765 1608; x_wconf 88' lang='lat' dir='ltr'>sit</span> <span class='ocrx_word' id='word_1_89' title='bbox 786 1568 805 1607; x_wconf 91' lang='lat' dir='ltr'>a</span> <span class='ocrx_word' id='word_1_90' title='bbox 825 1549 874 1607; x_wconf 88' lang='lat' dir='ltr'>dis</span> <span class='ocrx_word' id='word_1_91' title='bbox 895 1548 1125 1609; x_wconf 82' lang='lat' dir='ltr'>immortalibus</span> 
     </span>
     <span class='ocr_line' id='line_1_14' title="bbox 174 1644 1126 1722; baseline 0.001 -19"><span class='ocrx_word' id='word_1_92' title='bbox 174 1644 290 1703; x_wconf 83' lang='lat' dir='ltr'>datum.</span> <span class='ocrx_word' id='word_1_93' title='bbox 333 1644 470 1704; x_wconf 87' lang='lat' dir='ltr'>Divitias</span> <span class='ocrx_word' id='word_1_94' title='bbox 491 1644 546 1703; x_wconf 91' lang='lat' dir='ltr'>alii</span> <span class='ocrx_word' id='word_1_95' title='bbox 569 1651 775 1722; x_wconf 87' lang='lat' dir='ltr'>praeponunt,</span> <span class='ocrx_word' id='word_1_96' title='bbox 797 1646 907 1704; x_wconf 90' lang='lat' dir='ltr'>bonam</span> <span class='ocrx_word' id='word_1_97' title='bbox 932 1645 987 1703; x_wconf 90' lang='lat' dir='ltr'>alii</span> <span class='ocrx_word' id='word_1_98' title='bbox 1009 1645 1126 1704; x_wconf 90' lang='lat' dir='ltr'>valetu-</span> 
     </span>
     <span class='ocr_line' id='line_1_15' title="bbox 173 1740 1126 1819; baseline 0.001 -19"><span class='ocrx_word' id='word_1_99' title='bbox 173 1741 288 1815; x_wconf 81' lang='lat' dir='ltr'>dinem,</span> <span class='ocrx_word' id='word_1_100' title='bbox 298 1740 358 1800; x_wconf 89' lang='lat' dir='ltr'>alii</span> <span class='ocrx_word' id='word_1_101' title='bbox 372 1742 554 1818; x_wconf 87' lang='lat' dir='ltr'>potentiam,</span> <span class='ocrx_word' id='word_1_102' title='bbox 570 1741 625 1800; x_wconf 89' lang='lat' dir='ltr'>alii</span> <span class='ocrx_word' id='word_1_103' title='bbox 639 1742 782 1816; x_wconf 85' lang='lat' dir='ltr'>honores,</span> <span class='ocrx_word' id='word_1_104' title='bbox 798 1741 891 1805; x_wconf 88' lang='lat' dir='ltr'>multi</span> <span class='ocrx_word' id='word_1_105' title='bbox 910 1742 1005 1801; x_wconf 87' lang='lat' dir='ltr'>ctiam</span> <span class='ocrx_word' id='word_1_106' title='bbox 1019 1743 1126 1819; x_wconf 87' lang='lat' dir='ltr'>volup</span> 
     </span>
     <span class='ocr_line' id='line_1_16' title="bbox 171 1837 1175 1914; baseline 0.002 -16"><span class='ocrx_word' id='word_1_107' title='bbox 171 1844 262 1898; x_wconf 80' lang='lat' dir='ltr'>tates</span> <span class='ocrx_word' id='word_1_108' title='bbox 314 1838 482 1898; x_wconf 89' lang='lat' dir='ltr'>Beluarum</span> <span class='ocrx_word' id='word_1_109' title='bbox 504 1838 562 1896; x_wconf 87' lang='lat' dir='ltr'>hoo</span> <span class='ocrx_word' id='word_1_110' title='bbox 585 1837 712 1914; x_wconf 92' lang='lat' dir='ltr'>quidem</span> <span class='ocrx_word' id='word_1_111' title='bbox 734 1844 917 1913; x_wconf 85' lang='lat' dir='ltr'>extremum,</span> <span class='ocrx_word' id='word_1_112' title='bbox 940 1839 997 1897; x_wconf 91' lang='lat' dir='ltr'>illa</span> <span class='ocrx_word' id='word_1_113' title='bbox 1020 1845 1124 1899; x_wconf 83' lang='lat' dir='ltr'>autem</span> <span class='ocrx_word' id='word_1_114' title='bbox 1147 1856 1175 1900; x_wconf 79' lang='lat'>15</span> 
     </span>
     <span class='ocr_line' id='line_1_17' title="bbox 173 1935 1124 2013; baseline 0.001 -18"><span class='ocrx_word' id='word_1_115' title='bbox 173 1935 334 2013; x_wconf 84' lang='lat' dir='ltr'>superiora</span> <span class='ocrx_word' id='word_1_116' title='bbox 347 1935 463 1994; x_wconf 89' lang='lat' dir='ltr'>caduca</span> <span class='ocrx_word' id='word_1_117' title='bbox 477 1939 509 1993; x_wconf 92' lang='lat' dir='ltr'>et</span> <span class='ocrx_word' id='word_1_118' title='bbox 523 1935 650 2009; x_wconf 89' lang='lat' dir='ltr'>incerta,</span> <span class='ocrx_word' id='word_1_119' title='bbox 664 1935 768 2012; x_wconf 87' lang='lat' dir='ltr'>posita</span> <span class='ocrx_word' id='word_1_120' title='bbox 781 1953 843 1993; x_wconf 93' lang='lat' dir='ltr'>non</span> <span class='ocrx_word' id='word_1_121' title='bbox 858 1941 923 1994; x_wconf 90' lang='lat' dir='ltr'>tam</span> <span class='ocrx_word' id='word_1_122' title='bbox 937 1936 972 1994; x_wconf 93' lang='lat' dir='ltr'>in</span> <span class='ocrx_word' id='word_1_123' title='bbox 985 1936 1124 1996; x_wconf 90' lang='lat' dir='ltr'>consiliis</span> 
     </span>
     <span class='ocr_line' id='line_1_18' title="bbox 173 2032 1122 2108; baseline 0 -18"><span class='ocrx_word' id='word_1_124' title='bbox 173 2032 288 2092; x_wconf 86' lang='lat' dir='ltr'>nostris</span> <span class='ocrx_word' id='word_1_125' title='bbox 311 2050 404 2108; x_wconf 90' lang='lat' dir='ltr'>quam</span> <span class='ocrx_word' id='word_1_126' title='bbox 426 2032 461 2090; x_wconf 89' lang='lat' dir='ltr'>in</span> <span class='ocrx_word' id='word_1_127' title='bbox 482 2032 628 2091; x_wconf 80' lang='lat' dir='ltr'>fortunae</span> <span class='ocrx_word' id='word_1_128' title='bbox 651 2032 836 2091; x_wconf 87' lang='lat' dir='ltr'>temeritate.</span> <span class='ocrx_word' id='word_1_129' title='bbox 881 2032 943 2102; x_wconf 74' lang='lat' dir='ltr'>Qui</span> <span class='ocrx_word' id='word_1_130' title='bbox 964 2038 1068 2092; x_wconf 83' lang='lat' dir='ltr'>autem</span> <span class='ocrx_word' id='word_1_131' title='bbox 1091 2034 1122 2090; x_wconf 89' lang='lat' dir='ltr'>in</span> 
     </span>
     <span class='ocr_line' id='line_1_19' title="bbox 172 2128 1123 2205; baseline 0.001 -18"><span class='ocrx_word' id='word_1_132' title='bbox 172 2129 290 2188; x_wconf 80' lang='lat' dir='ltr'>virtute</span> <span class='ocrx_word' id='word_1_133' title='bbox 305 2148 461 2187; x_wconf 88' lang='lat' dir='ltr'>summum</span> <span class='ocrx_word' id='word_1_134' title='bbox 475 2128 588 2188; x_wconf 90' lang='lat' dir='ltr'>bonum</span> <span class='ocrx_word' id='word_1_135' title='bbox 606 2133 736 2205; x_wconf 88' lang='lat' dir='ltr'>ponunt,</span> <span class='ocrx_word' id='word_1_136' title='bbox 752 2128 909 2205; x_wconf 85' lang='lat' dir='ltr'>praeclare</span> <span class='ocrx_word' id='word_1_137' title='bbox 923 2128 972 2187; x_wconf 93' lang='lat' dir='ltr'>illi</span> <span class='ocrx_word' id='word_1_138' title='bbox 987 2129 1123 2204; x_wconf 89' lang='lat' dir='ltr'>quidem,</span> 
     </span>
     <span class='ocr_line' id='line_1_20' title="bbox 173 2224 1124 2302; baseline 0.001 -18"><span class='ocrx_word' id='word_1_139' title='bbox 173 2225 228 2284; x_wconf 90' lang='lat' dir='ltr'>sed</span> <span class='ocrx_word' id='word_1_140' title='bbox 239 2225 314 2285; x_wconf 89' lang='lat' dir='ltr'>haee</span> <span class='ocrx_word' id='word_1_141' title='bbox 324 2225 395 2302; x_wconf 86' lang='lat' dir='ltr'>ipsa</span> <span class='ocrx_word' id='word_1_142' title='bbox 405 2224 507 2285; x_wconf 87' lang='lat' dir='ltr'>virtus</span> <span class='ocrx_word' id='word_1_143' title='bbox 521 2224 691 2284; x_wconf 86' lang='lat' dir='ltr'>amicitiam</span> <span class='ocrx_word' id='word_1_144' title='bbox 703 2229 735 2283; x_wconf 91' lang='lat' dir='ltr'>et</span> <span class='ocrx_word' id='word_1_145' title='bbox 746 2225 847 2300; x_wconf 84' lang='lat' dir='ltr'>gignit</span> <span class='ocrx_word' id='word_1_146' title='bbox 861 2231 893 2284; x_wconf 90' lang='lat' dir='ltr'>et</span> <span class='ocrx_word' id='word_1_147' title='bbox 907 2225 1055 2302; x_wconf 87' lang='lat' dir='ltr'>continet,</span> <span class='ocrx_word' id='word_1_148' title='bbox 1067 2245 1124 2286; x_wconf 91' lang='lat' dir='ltr'>nec</span> 
     </span>
     <span class='ocr_line' id='line_1_21' title="bbox 173 2321 1175 2399; baseline 0.003 -18"><span class='ocrx_word' id='word_1_149' title='bbox 173 2322 239 2381; x_wconf 89' lang='lat' dir='ltr'>sine</span> <span class='ocrx_word' id='word_1_150' title='bbox 254 2323 371 2381; x_wconf 79' lang='lat' dir='ltr'>virtute</span> <span class='ocrx_word' id='word_1_151' title='bbox 386 2322 525 2381; x_wconf 86' lang='lat' dir='ltr'>amicitia</span> <span class='ocrx_word' id='word_1_152' title='bbox 540 2340 607 2382; x_wconf 86' lang='lat' dir='ltr'>esse</span> <span class='ocrx_word' id='word_1_153' title='bbox 621 2321 688 2381; x_wconf 91' lang='lat' dir='ltr'>ullo</span> <span class='ocrx_word' id='word_1_154' title='bbox 702 2328 793 2399; x_wconf 89' lang='lat' dir='ltr'>paeto</span> <span class='ocrx_word' id='word_1_155' title='bbox 807 2328 919 2399; x_wconf 85' lang='lat' dir='ltr'>potest.</span> <span class='ocrx_word' id='word_1_156' title='bbox 984 2321 1031 2382; x_wconf 84' lang='lat'>21.</span> <span class='ocrx_word' id='word_1_157' title='bbox 1055 2324 1124 2382; x_wconf 88' lang='lat' dir='ltr'>Iam</span> <span class='ocrx_word' id='word_1_158' title='bbox 1145 2342 1175 2384; x_wconf 78' lang='lat' dir='ltr'>so</span> 
     </span>
     <span class='ocr_line' id='line_1_22' title="bbox 171 2418 1124 2495; baseline 0.003 -19"><span class='ocrx_word' id='word_1_159' title='bbox 171 2418 321 2478; x_wconf 84' lang='lat' dir='ltr'>virtutem</span> <span class='ocrx_word' id='word_1_160' title='bbox 336 2437 375 2477; x_wconf 85' lang='lat' dir='ltr'>ex</span> <span class='ocrx_word' id='word_1_161' title='bbox 389 2418 614 2478; x_wconf 88' lang='lat' dir='ltr'>consuetudine</span> <span class='ocrx_word' id='word_1_162' title='bbox 628 2418 712 2477; x_wconf 88' lang='lat' dir='ltr'>vitae</span> <span class='ocrx_word' id='word_1_163' title='bbox 731 2419 942 2495; x_wconf 85' lang='lat' dir='ltr'>sermonisque</span> <span class='ocrx_word' id='word_1_164' title='bbox 961 2420 1060 2479; x_wconf 87' lang='lat' dir='ltr'>nostri</span> <span class='ocrx_word' id='word_1_165' title='bbox 1079 2421 1124 2479; x_wconf 91' lang='lat' dir='ltr'>in-</span> 
     </span>
     <span class='ocr_line' id='line_1_23' title="bbox 171 2515 1124 2593; baseline 0.001 -20"><span class='ocrx_word' id='word_1_166' title='bbox 171 2520 378 2593; x_wconf 88' lang='lat' dir='ltr'>terpretemur</span> <span class='ocrx_word' id='word_1_167' title='bbox 389 2533 446 2575; x_wconf 89' lang='lat' dir='ltr'>nec</span> <span class='ocrx_word' id='word_1_168' title='bbox 458 2534 535 2589; x_wconf 88' lang='lat' dir='ltr'>eam,</span> <span class='ocrx_word' id='word_1_169' title='bbox 545 2521 581 2574; x_wconf 92' lang='lat' dir='ltr'>ut</span> <span class='ocrx_word' id='word_1_170' title='bbox 592 2515 721 2592; x_wconf 86' lang='lat' dir='ltr'>quidam</span> <span class='ocrx_word' id='word_1_171' title='bbox 733 2516 824 2590; x_wconf 88' lang='lat' dir='ltr'>docti,</span> <span class='ocrx_word' id='word_1_172' title='bbox 835 2516 997 2575; x_wconf 88' lang='lat' dir='ltr'>verborum</span> <span class='ocrx_word' id='word_1_173' title='bbox 1008 2518 1124 2593; x_wconf 87' lang='lat' dir='ltr'>magni-</span> 
     </span>
     <span class='ocr_line' id='line_1_24' title="bbox 172 2612 1122 2690; baseline 0.002 -21"><span class='ocrx_word' id='word_1_174' title='bbox 172 2612 297 2671; x_wconf 88' lang='lat' dir='ltr'>ficentia</span> <span class='ocrx_word' id='word_1_175' title='bbox 320 2612 486 2671; x_wconf 85' lang='lat' dir='ltr'>metiamur</span> <span class='ocrx_word' id='word_1_176' title='bbox 506 2612 652 2688; x_wconf 90' lang='lat' dir='ltr'>virosque</span> <span class='ocrx_word' id='word_1_177' title='bbox 677 2613 773 2672; x_wconf 92' lang='lat' dir='ltr'>bonos</span> <span class='ocrx_word' id='word_1_178' title='bbox 797 2631 859 2687; x_wconf 89' lang='lat' dir='ltr'>eos,</span> <span class='ocrx_word' id='word_1_179' title='bbox 881 2614 934 2690; x_wconf 88' lang='lat' dir='ltr'>qui</span> <span class='ocrx_word' id='word_1_180' title='bbox 959 2613 1122 2688; x_wconf 81' lang='lat' dir='ltr'>habentur,</span> 
     </span>
     <span class='ocr_line' id='line_1_25' title="bbox 171 2709 1122 2786; baseline 0.003 -19"><span class='ocrx_word' id='word_1_181' title='bbox 171 2728 378 2783; x_wconf 86' lang='lat' dir='ltr'>numeremus,</span> <span class='ocrx_word' id='word_1_182' title='bbox 389 2709 514 2783; x_wconf 89' lang='lat' dir='ltr'>Paulos,</span> <span class='ocrx_word' id='word_1_183' title='bbox 531 2709 674 2784; x_wconf 82' lang='lat' dir='ltr'>Catones,</span> <span class='ocrx_word' id='word_1_184' title='bbox 690 2709 795 2784; x_wconf 84' lang='lat' dir='ltr'>Galus,</span> <span class='ocrx_word' id='word_1_185' title='bbox 812 2709 981 2786; x_wconf 79' lang='lat' dir='ltr'>Scipiones,</span> <span class='ocrx_word' id='word_1_186' title='bbox 996 2710 1122 2785; x_wconf 84' lang='lat' dir='ltr'>Philos3</span> 
     </span>
     <span class='ocr_line' id='line_1_26' title="bbox 171 2804 1173 2881; baseline 0.006 -17"><span class='ocrx_word' id='word_1_187' title='bbox 171 2804 220 2866; x_wconf 87' lang='lat' dir='ltr'>his</span> <span class='ocrx_word' id='word_1_188' title='bbox 234 2806 407 2865; x_wconf 88' lang='lat' dir='ltr'>communis</span> <span class='ocrx_word' id='word_1_189' title='bbox 419 2806 486 2865; x_wconf 90' lang='lat' dir='ltr'>vita</span> <span class='ocrx_word' id='word_1_190' title='bbox 500 2811 647 2864; x_wconf 86' lang='lat' dir='ltr'>contenta</span> <span class='ocrx_word' id='word_1_191' title='bbox 661 2812 725 2881; x_wconf 80' lang='lat' dir='ltr'>cst3</span> <span class='ocrx_word' id='word_1_192' title='bbox 747 2824 798 2866; x_wconf 92' lang='lat' dir='ltr'>eos</span> <span class='ocrx_word' id='word_1_193' title='bbox 813 2811 915 2865; x_wconf 81' lang='lat' dir='ltr'>autem</span> <span class='ocrx_word' id='word_1_194' title='bbox 932 2807 1122 2880; x_wconf 88' lang='lat' dir='ltr'>omittamus,</span> <span class='ocrx_word' id='word_1_195' title='bbox 1145 2826 1173 2870; x_wconf 82' lang='lat'>25</span> 
     </span>
     <span class='ocr_line' id='line_1_27' title="bbox 171 2901 1123 2979; baseline 0.002 -19"><span class='ocrx_word' id='word_1_196' title='bbox 171 2903 225 2979; x_wconf 93' lang='lat' dir='ltr'>qui</span> <span class='ocrx_word' id='word_1_197' title='bbox 246 2902 372 2961; x_wconf 92' lang='lat' dir='ltr'>omnino</span> <span class='ocrx_word' id='word_1_198' title='bbox 393 2921 547 2978; x_wconf 89' lang='lat' dir='ltr'>nusquam</span> <span class='ocrx_word' id='word_1_199' title='bbox 569 2902 775 2978; x_wconf 88' lang='lat' dir='ltr'>reperiuntur.</span> <span class='ocrx_word' id='word_1_200' title='bbox 845 2901 892 2962; x_wconf 84' lang='lat'>22.</span> <span class='ocrx_word' id='word_1_201' title='bbox 918 2903 1005 2963; x_wconf 84' lang='lat' dir='ltr'>Talis</span> <span class='ocrx_word' id='word_1_202' title='bbox 1027 2903 1123 2978; x_wconf 84' lang='lat' dir='ltr'>igitur</span> 
     </span>
     <span class='ocr_line' id='line_1_28' title="bbox 170 2998 1124 3076; baseline 0.002 -19"><span class='ocrx_word' id='word_1_203' title='bbox 170 2999 253 3058; x_wconf 89' lang='lat' dir='ltr'>inter</span> <span class='ocrx_word' id='word_1_204' title='bbox 267 2999 350 3058; x_wconf 89' lang='lat' dir='ltr'>viros</span> <span class='ocrx_word' id='word_1_205' title='bbox 365 2999 625 3059; x_wconf 87' lang='lat' dir='ltr'>amicitia-tantas</span> <span class='ocrx_word' id='word_1_206' title='bbox 642 2999 894 3076; x_wconf 88' lang='lat' dir='ltr'>opportunitates</span> <span class='ocrx_word' id='word_1_207' title='bbox 910 2998 1014 3074; x_wconf 90' lang='lat' dir='ltr'>hahet,</span> <span class='ocrx_word' id='word_1_208' title='bbox 1029 3019 1124 3076; x_wconf 91' lang='lat' dir='ltr'>quan-</span> 
     </span>
     <span class='ocr_line' id='line_1_29' title="bbox 169 3094 1124 3172; baseline 0.002 -18"><span class='ocrx_word' id='word_1_209' title='bbox 169 3101 219 3156; x_wconf 89' lang='lat' dir='ltr'>tas</span> <span class='ocrx_word' id='word_1_210' title='bbox 242 3096 296 3154; x_wconf 84' lang='lat' dir='ltr'>vix</span> <span class='ocrx_word' id='word_1_211' title='bbox 319 3115 398 3172; x_wconf 89' lang='lat' dir='ltr'>queo</span> <span class='ocrx_word' id='word_1_212' title='bbox 421 3095 530 3154; x_wconf 88' lang='lat' dir='ltr'>dicere.</span> <span class='ocrx_word' id='word_1_213' title='bbox 581 3094 742 3172; x_wconf 88' lang='lat' dir='ltr'>Principio</span> <span class='ocrx_word' id='word_1_214' title='bbox 765 3095 819 3171; x_wconf 90' lang='lat' dir='ltr'>qui</span> <span class='ocrx_word' id='word_1_215' title='bbox 842 3101 1034 3172; x_wconf 88' lang='lat' dir='ltr'>potestesse</span> <span class='ocrx_word' id='word_1_216' title='bbox 1057 3098 1124 3156; x_wconf 85' lang='lat' dir='ltr'>vita</span> 
     </span>
     <span class='ocr_line' id='line_1_30' title="bbox 171 3192 1124 3269; baseline 0.001 -18"><span class='ocrx_word' id='word_1_217' title='bbox 171 3193 308 3264; x_wconf 68' lang='lat' dir='ltr'>‘vitalia’</span> <span class='ocrx_word' id='word_1_218' title='bbox 323 3198 359 3250; x_wconf 92' lang='lat' dir='ltr'>ut</span> <span class='ocrx_word' id='word_1_219' title='bbox 374 3193 419 3251; x_wconf 89' lang='lat' dir='ltr'>ait</span> <span class='ocrx_word' id='word_1_220' title='bbox 432 3192 564 3267; x_wconf 84' lang='lat' dir='ltr'>Ennius,</span> <span class='ocrx_word' id='word_1_221' title='bbox 580 3211 659 3269; x_wconf 88' lang='lat' dir='ltr'>quae</span> <span class='ocrx_word' id='word_1_222' title='bbox 674 3192 784 3251; x_wconf 91' lang='lat' dir='ltr'>nonin</span> <span class='ocrx_word' id='word_1_223' title='bbox 799 3192 891 3251; x_wconf 88' lang='lat' dir='ltr'>amici</span> <span class='ocrx_word' id='word_1_224' title='bbox 908 3198 1018 3252; x_wconf 91' lang='lat' dir='ltr'>mutua</span> <span class='ocrx_word' id='word_1_225' title='bbox 1035 3193 1124 3252; x_wconf 89' lang='lat' dir='ltr'>bene-</span> 
     </span>
     <span class='ocr_line' id='line_1_31' title="bbox 169 3284 1174 3367; baseline 0.003 -19"><span class='ocrx_word' id='word_1_226' title='bbox 169 3284 312 3348; x_wconf 86' lang='lat' dir='ltr'>volentia</span> <span class='ocrx_word' id='word_1_227' title='bbox 323 3289 542 3367; x_wconf 87' lang='lat' dir='ltr'>conquiescit?</span> <span class='ocrx_word' id='word_1_228' title='bbox 579 3289 661 3359; x_wconf 82' lang='lat' dir='ltr'>Quid</span> <span class='ocrx_word' id='word_1_229' title='bbox 677 3289 798 3348; x_wconf 91' lang='lat' dir='ltr'>dulcius</span> <span class='ocrx_word' id='word_1_230' title='bbox 813 3308 905 3365; x_wconf 90' lang='lat' dir='ltr'>quam</span> <span class='ocrx_word' id='word_1_231' title='bbox 920 3289 1043 3364; x_wconf 81' lang='lat' dir='ltr'>habere,</span> <span class='ocrx_word' id='word_1_232' title='bbox 1059 3291 1123 3366; x_wconf 90' lang='lat' dir='ltr'>qui·</span> <span class='ocrx_word' id='word_1_233' title='bbox 1145 3308 1174 3352; x_wconf 86' lang='lat'>30</span> 
     </span>
     <span class='ocr_line' id='line_1_32' title="bbox 169 3385 1124 3463; baseline 0.002 -18"><span class='ocrx_word' id='word_1_234' title='bbox 169 3405 240 3445; x_wconf 92' lang='lat' dir='ltr'>cum</span> <span class='ocrx_word' id='word_1_235' title='bbox 265 3386 369 3445; x_wconf 88' lang='lat' dir='ltr'>omnia</span> <span class='ocrx_word' id='word_1_236' title='bbox 394 3387 509 3446; x_wconf 87' lang='lat' dir='ltr'>audeas</span> <span class='ocrx_word' id='word_1_237' title='bbox 535 3386 578 3446; x_wconf 89' lang='lat' dir='ltr'>sie</span> <span class='ocrx_word' id='word_1_238' title='bbox 603 3385 690 3463; x_wconf 91' lang='lat' dir='ltr'>loqui</span> <span class='ocrx_word' id='word_1_239' title='bbox 715 3392 751 3444; x_wconf 86' lang='lat' dir='ltr'>ut</span> <span class='ocrx_word' id='word_1_240' title='bbox 775 3389 904 3444; x_wconf 83' lang='lat' dir='ltr'>tecum?</span> <span class='ocrx_word' id='word_1_241' title='bbox 956 3386 1016 3456; x_wconf 82' lang='lat' dir='ltr'>Qui</span> <span class='ocrx_word' id='word_1_242' title='bbox 1041 3394 1124 3447; x_wconf 88' lang='lat' dir='ltr'>esset</span> 
     </span>
     <span class='ocr_line' id='line_1_33' title="bbox 167 3483 1123 3561; baseline -0.001 -18"><span class='ocrx_word' id='word_1_243' title='bbox 167 3489 277 3543; x_wconf 83' lang='lat' dir='ltr'>tantus</span> <span class='ocrx_word' id='word_1_244' title='bbox 302 3483 424 3543; x_wconf 82' lang='lat' dir='ltr'>fructus</span> <span class='ocrx_word' id='word_1_245' title='bbox 448 3483 482 3542; x_wconf 91' lang='lat' dir='ltr'>in</span> <span class='ocrx_word' id='word_1_246' title='bbox 507 3483 664 3561; x_wconf 82' lang='lat' dir='ltr'>prosperis</span> <span class='ocrx_word' id='word_1_247' title='bbox 690 3484 791 3557; x_wconf 90' lang='lat' dir='ltr'>rebus,</span> <span class='ocrx_word' id='word_1_248' title='bbox 816 3483 879 3543; x_wconf 88' lang='lat' dir='ltr'>nisi</span> <span class='ocrx_word' id='word_1_249' title='bbox 903 3483 1043 3559; x_wconf 88' lang='lat' dir='ltr'>haberes,</span> <span class='ocrx_word' id='word_1_250' title='bbox 1068 3485 1123 3560; x_wconf 90' lang='lat' dir='ltr'>qui</span> 
     </span>
    </p>
   </div>
   <div class='ocr_carea' id='block_1_3' title="bbox 0 0 1338 3984">
    <p class='ocr_par' dir='ltr' id='par_1_4' title="bbox 0 0 1338 3984">
     <span class='ocr_line' id='line_1_34' title="bbox 0 0 1338 3984; baseline 0 1"><span class='ocrx_word' id='word_1_251' title='bbox 0 0 1338 3984; x_wconf 95' lang='lat' dir='ltr'> </span> 
     </span>
    </p>
   </div>
  </div>
 </body>
</html>
