2667 3984
531 278 705 326 celerare
724 279 802 336 xva,
821 280 901 327 xvu.
1175 263 1217 327 25

257 447 365 507 XVII.
410 445 459 507 61.
494 446 556 506 His
581 432 680 523 igitur
703 441 818 506 finibus
840 447 994 508 utendum
1017 447 1161 520 arbitror,

218 553 261 618 ut,
279 563 349 603 oum
368 544 527 603 emendati
547 563 647 603 mores
662 545 833 603 amicorum
848 545 922 619 sint,
941 549 1009 605 tum
1024 546 1068 605 111
1083 545 1166 604 inter

218 659 270 700 ecs
285 640 425 700 omnium
440 660 552 715 rerum,
569 641 782 716 consiliorum,
801 641 1001 701 voluntatum
1016 642 1084 701 sine
1098 642 1167 701 ulla

217 738 400 815 exceptione
416 738 634 811 communitas,
650 743 687 797 ut
702 739 808 811 etiam,
822 739 850 796 si
868 758 930 815 qua
944 739 1073 798 fortuna
1087 740 1166 798 acci·

217 835 301 893 derit
321 839 357 893 ut
378 835 482 894 minus
504 834 605 894 iustae
627 835 797 894 amicorum
812 835 993 894 voluntates
1016 836 1167 895 adiuvan·
1203 849 1217 892 5

218 932 274 990 dae
289 931 364 1006 sint,
385 924 547 1009 inquibus
563 951 670 990 eorum
686 938 741 991 aut
760 939 854 1008 caput
873 938 984 1007 agatur
999 938 1054 992 aut
1069 933 1162 1006 fama,

217 1028 437 1087 declinandum
464 1029 502 1087 de
527 1029 580 1087 via
605 1029 657 1101 sit,
683 1029 775 1087 modo
800 1048 839 1087 ne
862 1048 983 1088 summa
1002 1029 1167 1106 turpitudo

218 1132 382 1202 sequatur,
415 1132 464 1184 est
488 1126 582 1200 enim,
612 1131 768 1203 quatenus
794 1125 953 1185 amicitiae
980 1126 1049 1185 dari
1074 1127 1168 1185 venia

218 1222 329 1299 possit.
374 1223 441 1281 Nec
456 1241 530 1281 vero
550 1222 744 1298 neglegenda
758 1228 807 1281 est
826 1222 920 1296 fama,
940 1242 997 1282 nec
1011 1223 1167 1282 mediocre

218 1318 317 1377 telum
337 1320 377 1378 ad
399 1339 448 1379 res
469 1320 619 1395 gerendas
631 1320 823 1399 existimare
841 1325 965 1397 oportet
982 1320 1167 1379 benevolen·
1190 1333 1218 1377 10

218 1416 294 1475 tiam
314 1416 445 1490 civium3
469 1436 562 1493 quam
577 1416 744 1475 blanditiis
759 1423 791 1475 et
811 1417 1000 1476 assentando
1019 1416 1167 1492 colligere

218 1519 310 1590 turpe
341 1519 403 1587 est3
437 1513 549 1586 virtus,
580 1533 673 1590 quam
704 1514 848 1590 sequitur
878 1515 1002 1588 caritas,
1038 1514 1168 1572 minime

219 1610 413 1686 repudianda
431 1616 488 1669 est.
553 1610 603 1670 62.
630 1611 691 1669 Sed
714 1611 819 1689 (saepe
840 1612 925 1668 enim
940 1612 1033 1670 redeo
1047 1612 1086 1669 ad
1103 1611 1167 1669 Sci·

218 1707 355 1784 pionem,
374 1707 464 1766 cuius
486 1707 586 1765 omnis
609 1725 710 1765 sermo
733 1712 799 1766 erat
821 1707 858 1765 de
880 1708 1038 1784 amicitia)
1059 1726 1167 1784 quere-

218 1803 318 1877 batur,
342 1805 425 1881 quod
447 1804 591 1862 omnibus
614 1805 648 1861 in
669 1804 762 1863 rebus
784 1804 926 1862 homines
948 1804 1168 1880 diligentiores
1191 1817 1219 1861 15

218 1906 338 1974 essent,
366 1920 474 1978 capras
497 1907 529 1959 et
549 1919 623 1959 oves
645 1905 723 1977 quot
744 1901 878 1977 quisque
900 1901 1038 1975 haberet,
1064 1900 1168 1960 dicere

218 2016 319 2074 posse,
345 1998 461 2056 amicos
483 2003 560 2074 quot
581 1998 719 2071 haberet,
745 2017 808 2055 non
829 2016 920 2075 posse
942 1998 1055 2070 dicere,
1082 1997 1168 2056 etin

220 2093 287 2152 illis
308 2094 435 2171 quidem
458 2095 607 2171 parandis
628 2094 777 2154 adhibere
799 2113 913 2167 curam,
934 2095 966 2153 in
986 2095 1096 2154 amicis
1112 2095 1168 2153 eli·

219 2191 339 2271 gendis
350 2191 546 2267 neglegentis
567 2209 635 2250 esse
654 2210 712 2250 nec
733 2190 847 2250 habere
863 2192 955 2269 quasi
970 2191 1061 2266 signa
1075 2210 1168 2269 quae·

219 2288 290 2346 dam
320 2294 352 2346 et
376 2295 476 2361 notas,
506 2288 619 2365 quibus
645 2307 707 2361 eoa,
737 2288 792 2365 qui
817 2289 856 2347 ad
881 2289 1040 2347 amicitias
1063 2294 1169 2347 essent
1190 2302 1219 2346 20

220 2384 334 2454 idonei,
366 2384 551 2443 iudicarent.
597 2385 678 2444 Sunt
701 2384 799 2460 igitur
819 2383 904 2442 firmi
925 2391 957 2443 et
979 2384 1111 2444 stabiles
1136 2390 1169 2443 et

219 2488 398 2542 constantes
414 2483 553 2559 eligendi
559 2505 566 2556 3
589 2482 679 2541 ouius
695 2482 818 2558 generis
834 2487 883 2540 111
897 2500 1009 2556 magna
1024 2482 1164 2558 penuria.

219 2580 261 2638 Et
284 2580 422 2639 iudicare
445 2578 572 2638 difficile
594 2583 643 2637 est
665 2596 740 2637 sane
761 2577 825 2636 nisi
846 2584 1024 2654 expertum,
1048 2577 1168 2654 experi-

219 2677 333 2735 endum
362 2682 467 2736 autem
492 2681 541 2734 est
566 2675 599 2733 in
625 2675 695 2752 ipsa
719 2674 870 2733 amicitia.
915 2675 967 2733 Ita
994 2674 1169 2751 praecurrit

219 2773 361 2832 amicitia
393 2772 545 2831 iudieium
572 2771 722 2848 tollitque
751 2770 936 2849 experiendi
966 2776 1165 2847 potestatem.
1191 2787 1220 2831 25

219 2868 268 2929 63.
304 2871 363 2928 Est
392 2869 489 2945 igitur
517 2867 682 2945 prudentis
711 2868 868 2928 sustinere
896 2873 932 2927 ut
960 2886 1094 2941 cursum,
1124 2868 1169 2926 sic

221 2966 372 3043 impetum
406 2964 654 3037 benevolentiae,
694 2984 755 3042 quo
790 2971 916 3023 utamur
951 2964 1043 3041 quasi
1078 2965 1168 3041 equis

219 3064 393 3139 temptatis
413 3064 457 3123 sic
483 3062 634 3121 amicitiis
664 3080 702 3120 ex
731 3061 839 3138 aliqua
864 3066 953 3138 parte
978 3061 1168 3138 periclitatis

220 3161 359 3220 moribus
381 3160 561 3219 amicorum.
607 3158 740 3229 Quidam
756 3177 848 3235 saepe
869 3159 901 3217 in
921 3178 1020 3235 parva
1037 3159 1171 3236 pecunia

219 3259 455 3335 perspiciuntur
477 3276 570 3335 quam
592 3257 657 3315 11111
678 3256 774 3327 leves,
801 3256 928 3332 quidam
952 3261 1066 3330 autem,
1092 3275 1170 3332 quos
1192 3271 1221 3315 30

219 3374 318 3432 parva
345 3374 469 3413 movere
498 3373 560 3412 non
589 3352 702 3430 potuit,
732 3360 961 3427 cognoscuntur
987 3352 1018 3410 in
1045 3371 1167 3430 magna.

222 3452 294 3511 Sint
324 3472 398 3511 vero
430 3451 532 3528 aliqui
565 3449 692 3527 reperti,
729 3450 784 3526 qui
815 3450 980 3525 pecuniam
1011 3449 1171 3528 praeferre
