2667 3984
459 390 601 437 LAELIUS
621 380 675 437 DE¹
687 390 840 439 AMICITIA

197 556 370 633 amicitias,
393 576 450 617 nee
469 557 509 617 ob
522 557 619 618 aliam
634 577 761 619 oausam
775 558 874 619 ullam
894 558 969 619 boni
985 558 1146 637 improbis,

198 654 335 733 improbi
349 654 440 715 bonis
455 654 549 716 amici
564 674 633 716 esse
647 674 711 716 non
726 662 869 735 possunt,
885 655 949 717 nisi
960 657 1046 735 quod
1059 662 1151 718 tanta

198 757 247 812 est
262 751 345 812 inter
359 772 421 827 eos,
440 760 561 832 quanta
575 752 714 813 maxima
729 759 836 832 potest
852 771 930 826 esse,
949 772 1069 813 morum
1084 760 1149 814 stu·

197 848 383 929 dierumque
414 849 579 910 distantia.
657 849 707 912 75.
746 851 844 910 Recte
878 850 974 911 etiam
1008 850 1149 929 praecipi

147 959 162 1004 ιι
198 951 303 1026 potest
325 946 358 1006 in
379 946 541 1021 amicitiis,
560 965 599 1007 ne
620 945 832 1026 intemperata
846 947 1001 1025 quaedam
1017 948 1149 1007 benevo-

198 1042 307 1118 lentia,
328 1043 412 1121 qnod
432 1061 581 1122 persaepe
601 1042 647 1118 fit,
670 1043 823 1122 impediat
841 1062 971 1121 magnas
989 1043 1150 1104 utilitates

197 1140 378 1200 amicorum.
424 1141 490 1199 Neo
507 1139 603 1214 enim,
621 1146 658 1200 ιιι
672 1140 713 1201 ad
728 1139 853 1200 fabulas
868 1140 1002 1216 redeam,
1021 1141 1149 1201 Troiam

198 1236 425 1315 Neoptolemus
446 1255 556 1315 capere
579 1236 744 1316 potuisset,
769 1236 799 1297 si
823 1237 1040 1316 Lycomedem,
1065 1238 1150 1316 apud

198 1352 291 1412 quem
313 1339 381 1393 erat
401 1334 561 1409 educatus,
587 1334 699 1394 multis
719 1352 790 1394 oum
811 1333 953 1394 lacrimis
974 1334 1037 1394 iter
1056 1352 1150 1394 suum

148 1444 178 1490 ιο
199 1430 423 1511 impedientem
451 1430 560 1491 audire
589 1431 752 1491 voluisset.
811 1431 854 1491 Et
882 1449 975 1509 saepe
1005 1431 1150 1492 incidunt

198 1547 328 1605 magnae
357 1546 416 1599 res,
449 1533 485 1587 ut
512 1527 736 1588 discedendum
768 1527 813 1587 sit
840 1527 880 1587 ab
907 1527 1034 1602 amicis,
1069 1546 1150 1606 quas

198 1625 253 1703 qui
277 1624 429 1703 impedire
447 1623 527 1699 vult,
546 1624 629 1703 quod
644 1624 838 1684 desiderium
853 1643 916 1683 non
936 1624 1032 1685 facile
1052 1625 1145 1700 ferat,

199 1722 226 1782 is
247 1728 280 1782 et
301 1721 443 1781 infirmus
465 1728 515 1781 est
536 1720 704 1798 mollisque
726 1726 839 1780 natura
858 1726 891 1781 et
909 1720 1031 1781 obeam
1048 1722 1149 1800 ipsam

197 1838 323 1879 oausam
350 1818 382 1879 in
407 1817 550 1878 amicitia
575 1837 686 1896 parum
712 1817 825 1878 iustus.
900 1816 949 1878 76.
983 1818 1089 1895 Atque
1114 1818 1149 1877 in

148 1929 177 1975 lt
197 1915 283 1976 omni
298 1935 331 1975 re
345 1914 607 1975 considerandum
621 1920 680 1989 est,
699 1920 731 1974 et
745 1913 821 1993 quid
837 1914 979 1993 postules
993 1916 1033 1974 ab
1047 1918 1150 1975 amieo

197 2021 229 2074 et
243 2013 321 2092 quid
337 2012 457 2091 patiare
471 2031 490 2071 a
504 2017 536 2072 te
552 2011 726 2090 impetrari.

236 2110 327 2170 XXI.
359 2109 419 2169 Est
443 2109 539 2169 etiam
564 2108 719 2187 quaedam
745 2108 910 2169 calamitas
937 2108 970 2168 in
995 2108 1149 2170 amicitiis

196 2205 399 2267 dimittendis
423 2225 486 2265 non
510 2224 682 2283 numquam
707 2205 897 2280 necessaria,
927 2204 990 2264 iam
1015 2205 1100 2265 enim
1130 2225 1151 2266 a

197 2302 388 2382 sapientium
403 2302 679 2362 familiaritatibus
694 2302 734 2362 ad
748 2300 894 2378 vulgares
909 2301 1066 2361 amicitias
1080 2321 1150 2362 ora·

146 2416 177 2462 ao
197 2400 243 2461 tio
264 2405 373 2460 nostra
392 2399 560 2459 delabitur.
610 2400 791 2478 Erumpunt
811 2417 905 2477 saepe
927 2399 1009 2458 vitia
1033 2399 1149 2459 arnico·

197 2517 266 2557 rum
291 2503 357 2557 tum
384 2496 417 2555 in
444 2496 529 2574 ipsos
554 2496 680 2569 amicos,
705 2501 773 2555 tum
800 2495 833 2554 in
855 2495 985 2568 alienos,
1014 2515 1149 2573 quorum

196 2601 301 2656 tamen
330 2594 370 2654 ad
397 2592 515 2653 amicos
543 2593 700 2653 redundet
729 2592 872 2653 infamia.
928 2591 1021 2652 Tales
1050 2593 1150 2670 igitur

196 2691 356 2752 amicitiae
371 2695 446 2750 sunt
461 2690 646 2750 remissione
663 2708 739 2749 usus
757 2689 925 2749 solvendae
943 2695 985 2764 et,
1003 2695 1040 2748 ut
1057 2691 1148 2751 Cato·

196 2809 268 2850 nem
293 2788 396 2849 dicere
424 2786 542 2860 andivi,
572 2785 760 2847 dissuendae
784 2785 885 2862 magis
910 2805 1005 2864 quam
1031 2786 1149 2847 discin-

146 2898 176 2948 ιι
197 2887 326 2961 dendae,
344 2884 409 2944 nisi
431 2884 584 2962 quaedam
604 2883 771 2943 admodum
794 2881 1007 2942 intolerabilis
1030 2882 1150 2943 iniuria

196 2983 359 3058 exarserit,
384 2987 420 3041 ut
441 3000 542 3059 neque
564 2985 685 3040 rectum
709 2998 811 3057 neque
835 2978 1003 3039 honestum
1024 2980 1069 3038 sit
1092 2998 1149 3040 nec

196 3079 266 3140 fieri
294 3079 404 3158 possit,
435 3084 472 3138 ut
499 3097 563 3137 non
592 3077 703 3137 statim
731 3075 884 3136 alienatio
912 3075 1149 3154 disiunctioque

196 3177 343 3238 facienda
361 3175 413 3235 sit.
480 3174 529 3233 77.
555 3173 613 3234 Sin
627 3179 732 3233 autem
748 3178 803 3232 aut
820 3192 941 3232 morum
958 3178 1015 3232 aut
1028 3172 1149 3232 studio·

196 3294 266 3333 rum
290 3271 494 3333 commutatio
519 3271 683 3349 quaedam,
709 3274 745 3329 ιιι
765 3269 836 3329 fieri
861 3269 950 3344 solet,
976 3269 1062 3329 facta
1086 3269 1149 3329 erit

146 3387 176 3433 co
196 3376 252 3431 ant
276 3371 310 3429 in
334 3370 381 3429 rei
405 3368 550 3447 publicae
575 3366 719 3446 partibus
748 3366 905 3426 dissensio
934 3364 1150 3426 intercesserit

198 3469 323 3544 (loquor
344 3466 428 3524 enim
452 3466 524 3537 iam,
549 3470 586 3522 ut
606 3464 701 3540 paulo
723 3469 797 3523 ante
818 3462 897 3538 dixi,
921 3481 984 3522 non
1005 3462 1044 3522 de
1065 3462 1149 3541 sapi·

197 3561 328 3633 eutium,
341 3560 397 3619 sed
408 3560 445 3619 de
457 3558 674 3619 communibus
690 3558 869 3638 amicitiis),
885 3560 1058 3620 cavendum
1072 3559 1145 3636 erit,
