2667 3984
203 354 244 417 18
513 365 654 413 narnus
675 364 719 411 on
741 364 892 411 anienis

251 556 309 597 one
332 535 502 609 effecerint,
524 534 591 595 sine
615 532 753 593 lacrimis
776 552 838 591 non
860 551 940 610 queo
962 532 1074 592 dicere.
1123 534 1207 592 Nam

251 633 434 705 Carbonem,
451 650 575 709 quoquo
596 630 688 690 modo
710 629 878 707 potuimus,
900 636 1027 707 propter
1049 636 1207 688 recentem

252 748 382 808 poenam
413 728 481 788 Tib.
511 727 644 787 (lracchi
678 726 902 801 sustinuimus,
939 726 977 785 de
1008 730 1040 786 C.
1072 726 1208 787 Gracchi

252 833 355 887 autem
377 825 538 885 tribunatu
560 824 637 901 qnid
658 830 846 901 exspectem,
867 842 930 883 non
951 822 1028 882 libet
1049 824 1206 898 augurari.

201 938 216 981 u
253 923 358 1002 Serpit
376 922 456 981 clarn
475 940 512 981 ca
532 940 589 993 res,
607 939 688 998 qnae
708 920 855 998 proclivis
876 920 916 979 ad
938 918 1118 997 perniciem,
1137 940 1208 979 cum

252 1019 347 1079 semel
372 1019 484 1096 coepit,
510 1016 633 1077 labitur.
686 1016 819 1091 Videtis,
846 1016 878 1075 in
903 1016 1021 1076 tabella
1044 1016 1108 1074 iam
1134 1022 1208 1076 aute

252 1124 370 1194 quanta
394 1115 435 1175 sit
461 1116 545 1174 facta
569 1114 664 1188 labes,
691 1113 791 1192 primo
816 1113 951 1174 Gabinia
978 1112 1053 1187 lege,
1080 1113 1210 1172 biennio

252 1219 355 1273 autem
385 1218 456 1290 post
480 1210 595 1271 Cassia
647 1211 762 1271 Videre
791 1210 852 1269 iam
877 1210 985 1269 videor
1009 1209 1161 1287 populum
1190 1229 1210 1269 a

252 1316 363 1369 senatu
381 1309 583 1381 disiunctum,
601 1307 815 1367 multitudinis
835 1306 965 1366 arbitrio
984 1324 1033 1366 res
1052 1307 1209 1366 maximas

202 1420 230 1465 10
252 1406 311 1481 agi.
354 1405 464 1465 Plures
480 1405 563 1464 enim
579 1404 710 1477 discent,
725 1422 817 1481 quern
832 1404 872 1463 ad
887 1404 1012 1463 modum
1026 1403 1104 1462 baec
1119 1403 1208 1477 fiant,

251 1522 344 1581 quani
364 1522 456 1579 quem
474 1502 514 1561 ad
531 1502 657 1561 modum
676 1500 722 1561 eis
739 1500 912 1561 resistatur.
977 1498 1026 1560 42.
1049 1500 1207 1570 Quorsum

252 1599 353 1660 hacc?
403 1599 484 1669 Quia
508 1598 576 1658 sine
601 1597 694 1658 sociis
719 1615 810 1656 nemo
835 1596 1003 1675 quicquam
1027 1596 1091 1656 tale
1119 1615 1209 1656 cona

251 1701 310 1756 tur.
361 1695 618 1772 Praecipiendum
645 1700 694 1754 est
718 1693 815 1769 igitur
840 1694 938 1766 bonis,
960 1699 1005 1766 ut,
1028 1692 1054 1752 si
1079 1692 1113 1751 in
1138 1694 1208 1753 eius

251 1792 335 1852 modi
350 1792 505 1852 amicitias
520 1790 621 1868 ignari
637 1810 711 1851 casu
728 1790 834 1868 aliquo
852 1789 1028 1861 inciderint,
1043 1808 1082 1848 ne
1099 1790 1208 1850 existi·

201 1905 230 1950 15
251 1897 336 1949 ment
351 1889 397 1948 ita
414 1907 446 1948 se
464 1888 618 1965 alligatos,
633 1895 670 1947 ut
687 1887 726 1947 ab
742 1887 850 1947 amicis
868 1887 902 1945 in
918 1905 1030 1963 magna
1046 1885 1156 1963 aliqua
1175 1907 1207 1946 re

251 1986 452 2064 peccantibus
466 2004 528 2044 non
544 1985 723 2060 discedant3
746 1983 895 2062 improbis
910 1988 1014 2042 autem
1030 2001 1131 2060 poena
1148 1990 1209 2043 sta

251 2083 368 2143 tuenda
386 2089 442 2155 est,
459 2101 515 2140 nec
533 2101 606 2141 vero
628 2081 729 2140 minor·
747 2081 802 2154 eis,
820 2081 875 2158 qni
897 2079 996 2140 secuti
1018 2085 1110 2139 erunt
1132 2081 1210 2139 alte-

251 2199 329 2253 rum,
341 2198 434 2256 quam
449 2179 503 2252 eis,
519 2178 573 2256 qui
588 2177 649 2256 ipsi
664 2177 785 2237 fuerint
799 2177 972 2255 impietatis
986 2177 1088 2236 duces.
1127 2178 1208 2248 Quis

250 2276 362 2335 clarior
379 2277 413 2334 in
433 2275 565 2335 Graecia
582 2274 800 2347 Themistocle,
819 2274 891 2350 quis
912 2273 1096 2351 potentior?
1144 2275 1209 2344 Qui

200 2390 229 2434 20
250 2393 320 2433 cum
340 2373 508 2449 imperator
525 2372 608 2431 bello
628 2372 753 2431 Persico
773 2371 925 2431 servitute
947 2370 1110 2430 Graeciam
1131 2370 1209 2430 libe-

250 2469 384 2530 ravisset
412 2475 600 2546 propterque
630 2468 782 2528 invidiam
814 2467 847 2526 in
878 2467 1024 2527 exsilium
1054 2467 1208 2544 expulsus

250 2571 341 2640 esset,
358 2566 498 2641 ingratae
517 2565 637 2642 patriae
656 2565 802 2624 iniuriam
824 2583 886 2624 non
905 2564 989 2637 tulit,
1008 2582 1102 2641 quam
1121 2564 1208 2624 ferre

250 2663 367 2737 debuit,
383 2663 460 2722 fecit
476 2663 569 2735 idem,
585 2663 669 2739 qnod
686 2682 728 2720 xx
745 2661 837 2721 annis
856 2667 929 2721 ante
949 2661 1033 2738 apud
1051 2679 1107 2720 nos
1126 2661 1208 2720 fece-

250 2767 299 2819 rat
317 2759 509 2820 Coriolanus.
552 2759 614 2818 His
634 2758 758 2818 adiutor
775 2765 883 2818 contra
901 2757 1036 2835 patriam
1056 2757 1206 2817 inventus

199 2873 228 2917 25
250 2863 298 2917 est
330 2875 437 2930 nem03
477 2856 583 2932 itaque
614 2863 746 2914 mortem
780 2855 841 2915 sibi
874 2861 1006 2931 uterque
1041 2854 1203 2913 conscivit.

248 2953 297 3013 43.
316 2954 417 3023 Quare
432 2952 506 3012 talis
523 2952 731 3029 improborum
748 2952 911 3012 consensio
928 2971 990 3010 non
1007 2951 1098 3009 modo
1115 2970 1206 3009 excu-

250 3049 369 3110 satione
383 3049 541 3109 amicitiae
556 3049 690 3124 tegenda
703 3067 766 3108 non
780 3054 837 3123 est,
853 3048 907 3108 sed
925 3048 1029 3124 potius
1047 3047 1204 3123 supplicio

249 3146 334 3205 omni
350 3145 540 3205 vindicanda
555 3153 612 3218 est,
628 3153 663 3204 ut
680 3164 719 3204 ne
736 3145 807 3223 quis
825 3163 1004 3204 concessum
1022 3149 1113 3221 putet
1130 3145 1204 3203 ami-

249 3261 319 3302 cum
328 3243 378 3302 vel
389 3242 507 3301 bellum
518 3242 639 3319 patriae
650 3242 839 3301 inferentem
850 3241 955 3318 sequi,
971 3241 1055 3318 qnod
1065 3240 1201 3317 quidem,

198 3355 228 3401 ³0
249 3345 351 3399 utres
369 3339 414 3397 ire
431 3338 542 3416 coepit,
558 3339 643 3398 haud
660 3339 724 3398 scio
741 3358 781 3398 an
800 3339 969 3415 aliquando
987 3338 1130 3397 futurum
1150 3337 1200 3395 sit.

250 3435 331 3496 Mihi
351 3444 456 3495 autem
476 3455 538 3494 non
561 3435 673 3495 minori
694 3455 785 3495 curae
806 3441 863 3509 est,
882 3435 984 3512 qualis
1006 3453 1055 3493 res
1076 3433 1202 3511 publica

249 3537 322 3612 post
335 3539 467 3588 mortem
483 3550 581 3589 ineam
596 3532 705 3591 futura
718 3531 769 3606 sit,
785 3549 876 3609 quam
893 3530 996 3608 qualis
1010 3530 1103 3590 hodie
1118 3529 1168 3589 sit.
