2667 3984
192 295 235 361 88
504 309 646 359 munos
665 310 711 358 ns
731 310 885 359 ameum

242 479 332 555 tatio,
361 478 507 559 quamvis
528 478 706 559 peruiciosa
726 478 780 556 sit,
804 498 917 541 nocere
941 487 1049 543 tamen
1072 484 1196 544 nemini

242 583 347 657 potest
367 576 432 637 uisi
453 577 493 653 ei,
518 576 573 654 qui
595 594 665 636 eam
686 576 800 656 recipit
822 583 918 656 atque
943 597 981 639 ea
1005 579 1191 642 delectatur.

242 676 295 735 Ita
323 674 370 751 fit,
400 680 437 734 ut
465 674 493 734 is
520 674 771 735 assentatoribus
800 676 974 753 patefaciat
1000 695 1092 738 aures
1120 696 1195 739 suas

242 772 387 848 maxime,
406 771 460 850 qui
483 770 551 850 ipse
572 771 636 832 sibi
655 777 837 832 assentetur
857 778 890 833 et
911 792 944 833 se
965 774 1102 834 maxime
1125 775 1194 853 ipse

190 884 206 928 s
242 870 386 930 delectet.
451 867 501 932 98.
528 868 665 929 Omnino
679 873 729 929 est
745 888 854 930 amans
869 870 920 930 sui
934 870 1051 946 virtus;
1074 871 1194 950 optime

242 967 327 1027 enim
348 985 381 1026 sc
402 966 472 1044 ipsa
491 965 591 1040 novit,
609 984 766 1044 quamque
784 965 931 1027 amabilis
945 967 999 1041 sit,
1019 967 1191 1045 intellegit.

241 1065 309 1141 Ego
329 1070 435 1127 autem
455 1082 518 1123 non
539 1062 578 1123 de
601 1062 720 1123 virtute
741 1081 824 1124 nunc
845 1062 967 1142 loquor,
993 1064 1049 1124 sed
1070 1064 1108 1124 de
1129 1065 1195 1125 vir·

241 1162 322 1222 tutis
349 1160 508 1240 opinione.
564 1159 693 1220 Virtute
718 1160 802 1220 euim
829 1160 900 1239 ipsa
923 1180 986 1221 uon
1009 1170 1076 1223 tam
1098 1162 1195 1223 multi

242 1258 379 1337 praediti
400 1276 469 1318 esse
491 1275 585 1335 quam
605 1256 711 1318 videri
731 1256 852 1318 volunt.
898 1257 967 1318 Hos
988 1258 1126 1319 delectat
1145 1277 1194 1320 as-

192 1368 221 1414 10
242 1355 388 1431 sentatio,
407 1354 458 1415 his
473 1354 565 1415 fictus
579 1354 620 1415 ad
640 1353 780 1432 ipsorum
794 1354 992 1415 voluntatem
1006 1373 1112 1415 sermo·
1122 1374 1194 1416 cum

241 1452 418 1525 adhibetur,
442 1450 616 1512 orationem
640 1450 730 1511 illam
750 1469 864 1512 vanam
884 1451 1103 1512 testimonium
1125 1472 1194 1513 esse

242 1549 371 1611 laudum
392 1568 519 1609 suarum
540 1553 665 1627 putant.
710 1548 811 1608 Nulla
830 1554 880 1608 est
901 1548 1000 1625 igitur
1022 1548 1098 1609 haec
1114 1550 1194 1609 ami·

241 1647 327 1723 citis,
356 1666 426 1707 cum
455 1646 537 1706 alter
564 1665 673 1706 verum
702 1644 810 1706 audire
840 1664 903 1705 non
932 1645 1011 1720 vult,
1043 1645 1126 1706 alter
1153 1648 1195 1707 ad

241 1743 457 1805 mentiendum
483 1750 623 1822 paratus·
637 1747 696 1803 est.
750 1743 818 1803 Nec
842 1742 1053 1821 parasitorum
1082 1742 1116 1802 in
1143 1762 1194 1804 co·

192 1855 221 1901 rs
242 1842 375 1903 moediis
392 1840 566 1901 assentatio
584 1840 689 1901 faceta
707 1839 799 1900 nobis
813 1838 984 1916 videretur,
1003 1840 1068 1901 nisi
1086 1848 1196 1903 essent

242 1938 363 1999 milites
378 1937 518 2017 gloriosi.

427 2131 541 2197 Magnas
551 2143 615 2182 vero
625 2143 703 2197 agere
714 2129 815 2195 gratias
826 2129 909 2181 Thais
919 2130 1008 2182 mihlt

243 2324 328 2387 Satis
347 2330 415 2385 erat
432 2323 635 2403 respondere:
660 2321 824 2401 ‘mopsus'
832 2341 846 2397 ;
872 2321 1051 2401 ‘tepeseat
1073 2321 1192 2401 inquit.

243 2424 371 2502 Semper
382 2427 477 2498 auget
490 2425 666 2481 assentator
682 2420 724 2496 id,
740 2420 824 2498 quod
840 2419 877 2494 is,
892 2420 982 2480 cuius
996 2419 1037 2480 ad
1047 2419 1196 2481 volunta·

191 2533 221 2580 ao
241 2527 305 2580 tem
320 2519 447 2593 dicitur,
466 2518 537 2578 vult
556 2536 624 2578 esse
644 2535 801 2594 maguum.
865 2515 916 2578 99.
940 2517 1191 2593 Quamobrem,

243 2635 432 2696 quamquam
458 2615 573 2675 blanda
598 2615 661 2675 ista
682 2614 809 2674 vanitas
832 2614 915 2691 apud
938 2632 991 2673 eos
1015 2613 1109 2689 valet,
1137 2615 1196 2691 qui

243 2715 306 2793 ipsi
328 2713 417 2774 illem
439 2712 591 2773 allectaut
611 2716 644 2771 et
666 2711 814 2784 invitant,
832 2716 939 2771 tamen
957 2711 1053 2771 etiam
1071 2711 1195 2787 gravio·

242 2831 292 2871 res
313 2808 604 2887 constantioresque
625 2807 816 2869 admonendi
837 2814 920 2883 sunt,
939 2813 976 2867 ut
995 2807 1195 2868 animadver-

242 2915 321 2981 tant,
340 2927 380 2968 ue
395 2907 512 2968 callida
526 2906 739 2966 assentatione
755 2904 928 2983 capiantur.
974 2904 1093 2983 Aperte
1107 2905 1195 2964 enim

191 3021 220 3066 as
242 3006 424 3067 adulantem
453 3022 543 3063 nemo
567 3022 630 3062 uon
654 3003 752 3075 videt,
782 3002 847 3062 uisi
871 3003 927 3080 qui
951 3002 1118 3061 admodum
1144 3009 1196 3063 est

242 3121 365 3178 excors3
389 3101 525 3162 callidus
547 3100 603 3160 ille
624 3105 657 3160 et
677 3099 820 3160 occultus
841 3118 881 3159 ne
902 3117 935 3159 se
958 3098 1108 3171 insinuet,
1127 3105 1195 3159 stu·

242 3201 330 3261 diose
349 3199 521 3259 cavendum
543 3203 606 3273 est3
638 3215 696 3256 nee
717 3196 803 3256 euim
824 3196 978 3257 facillime
999 3195 1191 3272 agnoscitur,

242 3298 360 3377 quippe
376 3296 431 3374 qui
446 3295 542 3356 etiam
559 3294 755 3355 adversando
775 3300 867 3371 saepe
885 3298 1064 3353 assentetur
1077 3297 1110 3351 et
1127 3291 1195 3351 liti·

242 3413 316 3473 gare
336 3413 368 3453 se
388 3391 542 3451 simulans
563 3390 746 3451 blandiatur
764 3400 859 3468 atque
880 3389 920 3450 ad
942 3399 1118 3450 extremum
1139 3388 1196 3450 det

192 3503 222 3547 ac
243 3507 354 3548 manus
376 3487 523 3565 vincique
549 3505 581 3546 se
606 3487 756 3566 patiatur,
782 3492 818 3546 ut
846 3486 883 3564 is,
909 3487 970 3564 qui·
994 3486 1108 3546 illusus
1137 3486 1191 3564 sit,
