2667 3984
140 272 181 335 16
452 285 657 333 1111100011
680 284 831 332 amorrui

190 453 358 533 postulare,
380 453 591 531 postulatione
613 452 683 530 ipsa
704 451 842 529 profiteri
864 450 969 511 omnia
993 469 1025 510 se
1050 449 1145 509 amici

190 568 372 611 caussasse
395 550 542 610 facturos.
593 549 708 608 Eorum
731 548 859 626 querela
881 549 1057 607 inveterata
1082 565 1146 605 non

191 648 282 706 modo
303 646 538 707 familiaritates
561 645 719 721 exstingui
743 645 852 719 solere,
874 645 928 705 sed
950 643 1023 703 odia
1047 643 1146 703 etiam

191 743 277 820 gigni
293 743 491 820 sempiterna
536 743 623 801 Haec
642 742 690 801 ita
708 726 809 802 multa
827 741 917 819 quasi
938 740 1007 800 fata
1027 740 1147 817 impen-

140 854 155 896 1
191 841 264 899 dere
283 839 441 913 amicitiis,
457 846 491 898 ut
511 839 616 899 omnia
634 839 852 913 subterfugere
872 856 934 898 non
952 837 1044 897 modo
1066 836 1148 914 sapi-

192 937 304 1009 entiae,
320 937 374 994 sed
388 936 483 995 etiam
499 934 663 996 felicitatis
678 935 796 995 diceret
810 934 871 994 sibi
886 933 994 993 videri.

232 1033 289 1091 XI.
326 1031 373 1093 36.
406 1033 506 1103 Quam
534 1033 573 1092 ob
601 1051 666 1091 rem
694 1032 727 1091 id
756 1031 888 1108 primum
917 1030 1088 1104 videamus,
1119 1030 1147 1089 si

192 1130 304 1206 placet,
329 1136 483 1207 quatenus
510 1148 595 1189 amor
622 1129 656 1188 in
684 1128 824 1188 amicitia
850 1127 995 1205 progredi
1023 1127 1145 1186 debeat.

192 1227 328 1299 Numne,
357 1226 382 1285 si
413 1225 597 1286 Coriolanus
628 1225 740 1285 habuit
770 1224 896 1299 amicos,
924 1224 1006 1283 ferre
1037 1230 1149 1283 contra

144 1334 172 1379 10
193 1323 328 1400 patriam
350 1341 437 1381 arma
458 1322 506 1380 illi
530 1341 600 1381 cunr
622 1321 788 1382 Coriolano
811 1320 1013 1381 debuerunt?
1060 1321 1148 1380 Num

193 1419 389 1478 Vecellinum
409 1418 501 1479 amici
521 1436 650 1495 regnum
670 1424 880 1495 appetentem,
898 1437 973 1476 num
994 1417 1148 1476 Maelium

194 1516 368 1575 debuerunt
387 1514 518 1575 iuvare?
580 1513 628 1576 37.
651 1514 719 1573 Tib.
738 1514 866 1592 quidem
883 1515 1059 1575 Gracchum
1081 1531 1148 1572 rem

195 1611 351 1690 publicam
366 1618 531 1671 vexantem
549 1630 568 1672 a
583 1613 617 1683 Q.
633 1612 796 1671 Tuberone
813 1611 1057 1689 aequalibusque
1075 1611 1150 1670 ami-

195 1708 239 1768 cis
261 1709 444 1767 derelictum
463 1708 654 1769 videbamus.
698 1708 742 1767 At
763 1708 796 1768 G.
816 1708 957 1769 Blossius
979 1708 1148 1781 Cumanae,

146 1817 174 1862 m
195 1805 308 1882 hospes
332 1805 472 1864 familiae
494 1811 625 1877 vestrae,
647 1804 805 1878 Scaevola,
827 1824 897 1864 cum
920 1805 961 1864 ad
984 1823 1043 1878 me,
1065 1805 1151 1881 quod

196 1902 321 1961 aderam
337 1902 469 1961 Laenati
488 1909 520 1960 et
538 1901 669 1979 Rupilio
687 1902 869 1961 consulibus
890 1902 922 1960 in
943 1901 1083 1975 consilio,
1099 1902 1151 1960 de

196 2005 355 2075 precatum
377 1998 524 2071 venisset,
546 1999 636 2071 hanc,
658 2005 695 2057 ut
717 1998 777 2058 sibi
800 1998 1001 2073 ignoscerem,
1023 2017 1149 2058 causam

197 2094 355 2167 afferebat,
371 2095 454 2170 quod
471 2094 552 2153 tanti
570 2094 637 2153 Tib.
655 2095 831 2155 Gracchum
851 2094 987 2169 fecisset,
1002 2100 1047 2169 ut,
1063 2094 1152 2172 quid-

197 2190 274 2267 quid
296 2189 350 2248 ille
373 2190 477 2264 vellet,
500 2190 560 2250 sibi
585 2190 764 2250 faciendum
788 2196 923 2268 putaret.
970 2191 1050 2249 Tum
1074 2209 1148 2266 ego:

147 2299 176 2344 20
198 2289 364 2359 ‘Etiamne
376 2288 404 2344 si
418 2295 444 2345 te
456 2289 488 2344 ia
500 2286 684 2362 Capitolium
692 2290 779 2363 foces
786 2290 871 2362 ferre
882 2289 965 2346 uellet
975 2289 990 2345 l
998 2287 1005 2317 ²
1041 2288 1151 2346 ‘Num-

198 2381 309 2458 quam'
330 2381 443 2459 inquit,
467 2384 623 2442 ‘uoluisset
645 2386 678 2442 id
701 2387 847 2458 quidem;
877 2387 928 2443 aad
952 2388 981 2442 si
1002 2386 1149 2457 volitasset,

200 2479 392 2554 paruissem!
434 2479 568 2554 Videtis,
588 2498 682 2557 quam
700 2480 822 2539 nefaria
841 2499 909 2539 vox.
961 2481 1003 2540 Et
1024 2480 1150 2539 hercule

198 2575 245 2634 ita
259 2575 344 2648 fecit,
359 2575 407 2634 vel
427 2575 498 2652 plus
515 2576 611 2635 etiam
628 2595 722 2653 quam
741 2577 839 2651 dixit,
865 2596 927 2636 non
945 2577 1027 2636 enim
1046 2577 1151 2654 paruit

199 2671 253 2730 ille
272 2671 319 2730 Ti.
339 2672 473 2732 Gracchi
492 2671 672 2748 temeritati,
691 2674 746 2732 sed
765 2673 911 2750 praefuit,
929 2693 985 2732 nec
1007 2692 1039 2733 se
1061 2673 1152 2732 comi-

149 2782 178 2828 21
199 2774 263 2827 tem
287 2767 373 2828 illius
398 2768 523 2843 furoris,
545 2769 600 2828 sed
625 2769 735 2828 ducem
759 2769 912 2846 praebuit.
956 2771 1069 2846 Itaque
1093 2769 1152 2828 hac

200 2865 337 2924 amentia
355 2864 537 2942 quaestione
557 2884 639 2925 nova
656 2865 842 2942 perterritus
865 2866 897 2923 in
917 2865 1026 2925 Asiam
1049 2867 1153 2943 profu·

201 2961 255 3037 git,
274 2962 314 3020 ad
332 2961 438 3021 hostes
460 2980 492 3021 se
514 2961 657 3036 contulit,
676 2981 792 3039 poenas
812 2962 858 3021 rei
879 2962 1023 3038 publicae
1043 2981 1152 3038 graves

201 3058 361 3135 iustasque
384 3057 543 3134 persolvit.
594 3057 694 3118 Nulla
715 3064 764 3118 est
786 3058 883 3134 igitur
904 3059 1064 3120 excusatio
1086 3078 1154 3136 pec-

201 3153 272 3227 cati,
288 3153 316 3213 si
334 3153 427 3214 amici
444 3173 538 3214 causa
554 3155 746 3231 peccaveris,
770 3173 851 3229 nam,
867 3174 937 3213 cum
957 3155 1154 3215 conciliatrix

150 3265 180 3310 30
201 3248 357 3309 amicitiae
374 3251 503 3311 virtutis
521 3250 627 3328 opinio
645 3251 753 3324 fuerit,
768 3249 894 3310 difficile
914 3258 963 3311 est
981 3252 1153 3312 amicitiam

201 3364 334 3420 manere,
355 3347 382 3405 si
403 3367 422 3406 a
440 3347 558 3406 virtute
580 3348 741 3407 defeceris.
804 3346 851 3407 38.
875 3348 965 3418 Quod
986 3349 1014 3408 si
1034 3354 1153 3408 rectum

202 3441 404 3510 statuerimus
418 3442 469 3505 vel
488 3444 655 3505 concedere
675 3441 792 3517 amieis,
807 3443 961 3521 quidquid
978 3444 1088 3519 velint,
1102 3445 1154 3503 vel
