2667 3984
481 375 654 424 11111111
674 376 773 434 11.,111.
1108 358 1129 426 5

124 564 188 623 quo
213 538 382 604 amicorum
407 544 536 604 decessu
560 543 702 622 plerique
727 543 800 620 angi
824 544 934 604 solent.
986 543 1079 604 Nihil

124 642 202 702 mali
226 642 377 702 accidisse
402 639 540 719 Scipioni
568 646 660 719 put03
693 640 772 700 mihi
799 640 922 715 accidit,
948 641 976 701 si
1003 641 1080 720 quid

124 739 257 814 accidit3
293 737 358 799 suis
387 744 491 798 auteur
518 738 723 798 incommodis
751 738 889 813 graviter
916 738 989 814 angi
1017 757 1080 798 non

125 836 271 910 amicum,
293 835 349 896 sed
373 853 405 895 11
430 835 534 912 ipsum
559 834 694 895 amantis
718 840 774 895 est
844 835 891 895 11.
917 836 997 896 Cum
1024 834 1080 894 illo

125 951 201 992 vero
224 931 294 1010 quis
318 939 412 1008 neget
435 937 540 991 actum
563 951 631 992 esse
656 931 840 1009 praeclare?
887 931 962 992 Nisi
986 931 1079 1005 enim,
1115 943 1130 988 1

126 1029 212 1108 quod
229 1028 284 1088 1111
302 1028 430 1089 minime
449 1028 588 1106 putabat,
606 1027 877 1088 immortalitatem
893 1034 1001 1107 optare
1019 1028 1081 1087 vel·

126 1126 182 1200 let,
210 1125 287 1203 quid
315 1144 379 1185 non
407 1126 540 1203 adeptus
569 1132 627 1200 est,
654 1126 741 1202 quod
768 1124 888 1185 homini
918 1125 968 1185 fas
998 1132 1081 1185 esset
1121 1167 1123 1170 -

126 1224 262 1300 optare?
288 1222 342 1299 qui
362 1241 515 1282 summam
534 1240 621 1300 spem
641 1222 767 1296 civium,
787 1241 881 1300 quam
902 1222 940 1281 de
961 1239 997 1280 11
1018 1221 1080 1281 iam

127 1338 225 1398 puero
245 1319 427 1393 habuerant,
449 1319 598 1379 continuo
619 1319 802 1379 adulescens
824 1318 1002 1379 incredibili
1022 1319 1081 1377 vir-

127 1422 197 1476 tute
215 1416 384 1494 superavit,
401 1416 455 1493 qui
475 1417 671 1477 consulatum
690 1416 804 1494 petivit
822 1435 1001 1493 numquam,
1019 1416 1081 1475 fac-
1103 1428 1131 1474 10

127 1520 181 1573 tus
202 1512 310 1573 consul
332 1512 458 1587 1111111,
479 1513 614 1590 primum
636 1520 709 1572 ante
730 1519 863 1590 tempus,
885 1512 999 1571 iterum
1021 1512 1081 1572 sibi

23 1691 27 1697 .
128 1615 349 1686 sustempore,
364 1609 565 1686 reipublicae
583 1627 682 1686 paene
700 1628 777 1684 sero,
792 1609 847 1686 qui
864 1609 983 1669 duabus
1002 1609 1082 1668 urbi-

127 1707 187 1766 bus
202 1706 319 1766 eversis
334 1705 559 1766 inimicissimis
573 1705 646 1766 huie
661 1705 793 1782 imperio
809 1724 873 1765 non
889 1705 981 1764 modo
998 1723 1082 1783 prae-

129 1803 241 1877 sentia,
255 1820 364 1861 verum
378 1803 473 1861 etiam
488 1802 597 1862 futura
613 1802 697 1862 bella
713 1802 838 1862 delevit.
881 1802 963 1872 Quid
981 1802 1082 1862 dicam

128 1901 168 1960 de
183 1899 321 1959 moribus
333 1899 504 1973 facillimis
516 1900 554 1958 de
566 1900 685 1976 pietate
696 1898 730 1957 in
740 1906 881 1974 matrem,
893 1898 1082 1959 liberalitate
1104 1913 1132 1958 11

127 1997 163 2055 11
186 2014 314 2071 1111111,
336 1995 475 2055 bonitate
497 1996 530 2054 in
551 2015 632 2071 suos,
654 1995 778 2056 iustitia
797 1995 831 2054 in
851 1998 983 2055 omnes?
1008 2002 1083 2056 nota

129 2098 204 2154 sunt
218 2093 314 2152 vobis
355 2092 454 2162 Quam
468 2098 572 2152 auteur
587 2092 709 2151 civitati
723 2110 813 2152 carus
826 2092 933 2167 111111,
945 2111 1082 2152 maerore

128 2188 252 2249 funeris
275 2188 449 2249 indicatum
472 2195 528 2248 est.
580 2188 664 2259 Quid
688 2188 784 2265 igitur
808 2188 891 2248 hunc
915 2208 1082 2268 paucorum

129 2305 282 2346 annorum
305 2285 439 2346 accessio
461 2286 569 2345 iuvare
593 2285 773 2363 potuisset?
825 2286 974 2346 Senectus
990 2276 1083 2344 'enim
1170 2332 1171 2335 ,

129 2382 275 2460 quamvis
303 2401 365 2442 non
393 2381 435 2443 sit
464 2382 576 2458 gravis,
605 2387 641 2441 ut
670 2381 799 2441 memini
821 2382 970 2443 Catonem
1001 2401 1083 2442 anno
1103 2397 1133 2442 20

129 2483 214 2553 ante,
229 2498 323 2556 quam
342 2485 391 2539 est
409 2486 559 2554 mortuus,
577 2496 698 2538 mecum
717 2485 839 2539 etcum
859 2479 1003 2557 Scipione
1023 2480 1084 2539 dis-

131 2594 242 2650 serere,
265 2582 370 2635 tamen
395 2575 499 2636 aufert
524 2594 592 2635 eam
615 2575 818 2650 viriditatem,
842 2575 875 2633 11
899 2594 961 2653 qua
988 2576 1083 2636 etiam

131 2691 214 2731 nunc
238 2680 305 2731 erat
331 2672 443 2750 Scipio.
513 2672 559 2732 12.
585 2673 685 2743 Quam
710 2672 749 2731 ob
774 2690 838 2731 rem
863 2671 930 2731 vita
956 2673 1083 2749 quidem

131 2769 206 2828 talis
226 2769 289 2828 fuit
305 2768 356 2827 vel
375 2769 504 2828 fortuna
519 2768 570 2828 vel
590 2769 698 2845 gloria,
718 2773 754 2828 ut
774 2767 855 2828 nihil
876 2775 981 2846 posset
1002 2788 1084 2830 acoe-

132 2866 213 2940 dere,
235 2866 387 2925 moriendi
409 2872 513 2924 autem
535 2884 659 2925 sensum
680 2865 825 2926 celeritas
847 2866 994 2941 abstulit;
1023 2885 1084 2943 quo
1104 2881 1134 2926 11

133 2963 172 3022 de
196 2980 308 3038 genere
336 2962 445 3022 mortis
474 2961 600 3022 difficile
628 2962 715 3022 dictu
742 2968 807 3037 est3
839 2962 916 3039 quid
943 2962 1084 3022 homines

133 3058 339 3136 suspicentur,
367 3059 502 3133 videtis;
537 3059 595 3117 hoe
626 3076 699 3118 vere
730 3064 836 3119 tamen
866 3059 941 3119 licet
972 3059 1083 3133 dicere,

132 3157 168 3214 P.
192 3155 330 3233 Scipioni
351 3173 390 3214 ex
412 3155 521 3214 multis
543 3155 662 3230 diebus,
684 3174 763 3233 quos
785 3155 819 3214 in
838 3156 906 3215 vita
927 3156 1086 3216 celeberri-

133 3271 200 3312 mos
227 3252 478 3329 laetissimosque
502 3252 626 3327 viderit,
648 3251 740 3310 illum
766 3252 850 3311 diem
878 3252 1084 3312 clarissimum

134 3349 243 3423 fuisse,
264 3367 334 3408 cum
358 3354 468 3408 senatu
490 3348 621 3408 dimisso
643 3348 769 3407 domum
792 3349 938 3408 reduetus
960 3350 1001 3408 ad
1022 3368 1086 3410 ves·
1107 3365 1136 3410 11

134 3465 244 3523 perum
272 3452 320 3505 est
348 3465 367 3504 a
394 3446 536 3522 patribus
566 3445 761 3523 conscriptis,
789 3444 905 3524 populo
936 3446 1086 3521 Romano,

135 3542 228 3603 sociis
249 3549 281 3601 et
302 3542 434 3617 Latinis,
457 3542 559 3619 pridie
581 3561 674 3620 quam
697 3542 832 3602 excessit
854 3562 870 3602 e
892 3543 967 3615 vita,
989 3549 1025 3602 ut
1048 3562 1087 3602 ex
