2667 3984
180 302 221 367 10
491 316 632 367 narnus
652 316 698 367 nr
718 317 868 367 snrcrrm

228 486 293 548 illis
313 506 411 565 aeque
432 506 467 548 ao
489 494 522 548 tu
544 488 612 567 ipse
634 489 810 565 gauderet?
838 489 985 549 adversas
1004 508 1078 549 vero
1100 489 1181 549 ferre

227 584 353 644 difficile
369 591 451 645 esset
465 585 532 645 sine
547 604 592 657 eo,
608 586 663 662 qui
681 585 753 645 illas
771 586 898 661 gravius
917 585 1010 646 etiam
1032 606 1126 663 quam
1145 594 1182 646 tu

227 680 332 740 ferret.
375 682 518 759 Denique
538 688 658 742 ceterae
678 702 736 755 res,
755 701 834 760 quae
856 688 1055 761 expetuntur,
1074 702 1182 761 oppor-

227 784 321 837 tunae
346 784 420 838 sunt
443 778 585 853 singulae
611 780 703 839 rebus
727 779 794 838 fere
819 779 962 856 singulis,
984 779 1123 853 divitiae,
1144 786 1181 840 ut

175 888 191 933 c
227 882 324 945 utare,
339 894 423 952 opes,
441 882 477 934 ut
496 874 607 950 colare,
625 875 767 950 honores,
785 883 821 936 ut
842 875 977 949 laudere,
993 875 1180 954 voluptates,

228 978 262 1030 ut
283 972 427 1047 gaudeas,
447 971 603 1047 valetud0,
625 978 661 1032 ut
683 973 788 1032 dolore
812 991 917 1033 careas
942 980 975 1032 et
999 973 1181 1033 muneribus

227 1067 358 1143 fungare
369 1068 524 1146 corporis;
546 1068 749 1129 amicitiores
764 1068 916 1146 plurimas
930 1069 1087 1144 continet3
1110 1089 1182 1147 quo

226 1182 288 1240 quo
303 1172 333 1223 te
350 1165 489 1239 verteris,
502 1172 626 1243 praesto
640 1172 698 1240 est,
710 1165 798 1225 nullo
812 1165 880 1224 loco
894 1165 1079 1238 excluditur,
1095 1186 1181 1225 num·

226 1279 319 1337 quam
335 1261 566 1339 intempestiva,
578 1281 749 1339 numquam
764 1261 896 1321 molesta
910 1268 974 1336 est3
997 1262 1102 1338 itaque
1117 1282 1180 1321 non

177 1371 206 1416 10
226 1376 317 1434 aqua,
334 1378 396 1417 non
418 1359 492 1433 igni,
511 1365 546 1418 ut
567 1359 666 1432 aiunt,
686 1359 763 1418 locis
786 1358 927 1435 pluribus
949 1359 1066 1418 utimur·
1085 1378 1177 1436 quam

226 1454 373 1514 amicitia.
420 1456 530 1533 Neque
553 1474 610 1530 ego
632 1474 715 1514 nnnc
740 1456 778 1514 de
801 1455 924 1531 vulgari
946 1462 1001 1515 aut
1024 1456 1062 1514 de
1085 1455 1179 1514 medi-

226 1551 299 1625 ocri,
319 1570 397 1628 quae
419 1558 520 1611 tamen
546 1552 615 1629 ipss
637 1558 670 1611 et
690 1551 826 1611 delectat
848 1558 881 1611 et
902 1552 1039 1629 prodest,
1061 1552 1116 1611 sed
1140 1552 1179 1611 de

226 1654 352 1707 verset
375 1650 515 1725 perfecta
537 1648 654 1726 loquor,
677 1648 780 1726 qualis
803 1667 918 1723 eorum,
941 1649 994 1725 qui
1015 1649 1107 1725 pauci
1128 1667 1168 1707 no

226 1744 395 1817 minantur,
418 1745 489 1804 fuit.
540 1746 622 1805 Nam
646 1751 678 1804 et
700 1745 852 1805 secundas
876 1764 925 1805 res
948 1744 1177 1823 splendidiores

176 1840 304 1900 refacit
327 1841 467 1901 amicitis
491 1847 523 1901 et
538 1842 694 1902 adversas
718 1842 858 1919 partiens
885 1842 1176 1919 communicansque

226 1936 367 1997 leviores,

265 2035 338 2094 VII.
374 2033 421 2096 28.
451 2036 591 2113 Cumque
614 2032 766 2112 plurimas
787 2040 819 2095 et
839 2035 992 2095 maximas
1014 2035 1177 2095 commodi-

224 2136 306 2190 tates
331 2132 471 2191 amicitia
494 2133 661 2206 contineat,
687 2137 754 2191 tum
779 2131 837 2191 illa
863 2133 1011 2191 nimirum
1039 2138 1177 2210 praestat

224 2228 377 2301 omnibus,
402 2228 486 2305 quod
513 2229 625 2288 bonam
654 2247 741 2305 spem
769 2229 929 2305 praelucet
957 2229 991 2286 in
1018 2235 1174 2306 posterum

174 2338 204 2384 ao
224 2342 281 2383 neo
309 2325 468 2384 debilitari
498 2326 618 2384 animos
650 2331 705 2384 ant
736 2326 845 2384 cadere
876 2324 1004 2402 patitur.
1060 2326 1175 2385 Verum

224 2420 305 2479 enim
333 2422 467 2481 amicum
495 2421 549 2499 qni
577 2424 727 2496 intuetur,
752 2428 911 2499 tamquam
940 2421 1100 2499 exemplar
1123 2422 1177 2481 ali-

224 2518 306 2595 quod
332 2518 471 2577 intuetur
496 2518 552 2576 sui.
606 2518 757 2587 Quocirca
781 2525 813 2577 et
837 2519 980 2578 absentes
1005 2518 1121 2578 adsunt
1145 2526 1176 2576 et

224 2620 349 2689 egentes
374 2614 534 2673 abundant
559 2620 590 2673 et
615 2614 766 2675 imbecilli
790 2615 898 2674 valent
925 2620 965 2687 et,
989 2615 1073 2691 quod
1100 2614 1177 2675 diffi-

223 2711 315 2770 cilius
343 2711 428 2770 dictu
456 2717 512 2784 est,
541 2711 657 2770 mortui
685 2712 817 2786 vivrmt3
851 2716 959 2772 tantus
987 2729 1039 2770 eos
1067 2711 1173 2786 honos

172 2824 201 2869 25
222 2808 378 2883 memoria,
397 2808 586 2869 desiderium
607 2808 807 2885 prosequitur
824 2809 1001 2867 amicornm.
1043 2810 1093 2867 Ex
1114 2826 1175 2886 qno

223 2905 347 2964 illorum
375 2906 467 2964 beata
494 2924 577 2964 mors
604 2904 739 2979 videtur,
764 2905 874 2964 horum
902 2905 970 2965 rita
996 2904 1172 2965 laudabilis.

221 3002 338 3071 Quodsi
359 3003 511 3060 exemeris
533 3020 572 3060 ex
593 3020 696 3060 rerum
718 3007 831 3061 natura
851 3001 1086 3061 benevolentiae
1107 3021 1175 3060 con·

221 3099 420 3173 iunctionem,
435 3117 493 3158 neo
510 3099 620 3157 domus
637 3098 703 3158 ulla
721 3117 778 3157 neo
797 3098 870 3158 urbs
890 3105 973 3158 stare
992 3099 1117 3175 poterit,
1135 3117 1173 3156 ne

221 3197 287 3271 agri
306 3196 434 3273 quidem
453 3196 556 3255 cultus
575 3196 779 3273 permanebit.
823 3196 862 3254 Id
882 3195 909 3256 si
928 3195 1032 3255 minus
1054 3194 1174 3254 intelle

168 3307 199 3353 30
220 3292 314 3367 gitur,
334 3299 452 3369 quanta
470 3293 518 3352 vis
540 3292 697 3351 amicitiae
718 3292 962 3370 concordiaeque
984 3293 1034 3367 sit,
1055 3310 1093 3350 ex
1114 3293 1174 3352 dis-

220 3390 416 3449 sensionibus
445 3395 539 3472 atque
570 3389 738 3449 discordiis
769 3390 888 3467 percipi
920 3396 1032 3467 potest.
1087 3390 1173 3459 Quae

219 3487 302 3544 enim
322 3487 431 3545 domus
451 3491 517 3573 tam
537 3485 670 3558 stabilis,
688 3503 767 3562 quae
786 3491 851 3544 tam
870 3485 961 3545 firma
981 3486 1094 3545 civitas
1115 3492 1172 3562 est,
