2667 3984
462 384 632 432 cunr'rrus
653 384 719 441 xu,
739 385 807 430 xm.
1092 371 1134 435 19

170 555 265 614 XIII.
294 553 342 613 44.
366 554 454 612 Haec
465 551 562 628 igitur
573 551 676 629 prima
686 552 737 610 lex
748 551 904 612 amicitiae
916 553 1082 629 sanciatur,

129 659 166 711 ut
177 653 216 712 ab
229 651 338 711 amicis
353 651 485 709 honesta
499 654 651 726 petamus,
663 649 832 708 amicorum
846 669 940 710 causa
953 651 1085 711 honesta

129 749 292 822 faciamus
307 767 347 807 ne
365 752 579 824 exspectemus
597 746 733 823 quidem,
748 747 822 805 dum
840 765 997 823 rogemur,
1022 754 1084 808 stu-

129 846 217 906 dium
237 863 359 922 semper
376 843 468 917 adsit,
488 843 645 903 cunctatio
664 843 764 918 absit3
790 843 955 903 consilium
975 865 1083 904 verum

130 945 203 1002 dare
216 943 382 1002 audeamus
394 940 499 1001 libere.
532 939 708 998 Plurimum
719 940 753 998 in
764 940 904 1000 amicitia
914 942 1084 1002 amicorum
1118 957 1133 1001 5

129 1041 207 1099 bene
230 1038 428 1099 suadentium
448 1037 551 1096 valeat
572 1037 751 1111 auctoritas,
769 1055 867 1114 eaque
888 1044 919 1097 et
940 1039 1084 1099 adhibea

129 1144 182 1196 tur
196 1137 236 1195 ad
251 1135 437 1194 monendum
455 1153 517 1192 non
534 1133 626 1192 modo
643 1139 759 1211 aperte,
775 1135 830 1193 sed
848 1134 942 1194 etiam
960 1136 1081 1211 acriter,

130 1233 157 1293 si
182 1252 232 1292 res
256 1231 438 1309 postulabis,
461 1237 493 1289 et
517 1230 678 1289 adhibitae
702 1236 856 1307 pareatur.
924 1231 973 1293 45.
998 1233 1082 1292 Nam

130 1329 326 1406 quibusdam,
346 1346 423 1405 quos
446 1327 538 1387 audio
560 1326 717 1404 sapientes
738 1327 862 1387 habitos
885 1328 918 1386 in
941 1329 1081 1404 Graecia,

129 1426 285 1504 placuisse
312 1425 421 1502 opinor
449 1423 606 1483 mirabilia
634 1424 787 1501 quaedam
817 1425 886 1502 (sed
914 1425 995 1485 nihil
1024 1433 1081 1502 est,
1105 1443 1133 1487 10

130 1524 214 1601 quod
241 1522 290 1580 illi
317 1541 380 1580 uon
407 1525 634 1598 persequantur
658 1520 821 1601 argutiis):
859 1521 975 1599 partim
1002 1524 1082 1600 fugi-

129 1621 226 1679 endas
244 1638 311 1678 esse
330 1618 443 1677 nimias
464 1617 628 1692 amicitias,
646 1636 686 1676 ue
705 1635 830 1678 necesse
850 1618 891 1678 sit
909 1639 1005 1678 unum
1026 1621 1083 1680 sol-

129 1717 250 1776 licitum
276 1734 342 1775 esse
367 1733 423 1792 pro
448 1713 607 1791 pluribus,
639 1714 716 1774 satis
744 1733 898 1792 superque
926 1734 993 1776 esse
1022 1717 1081 1776 sibi

130 1832 254 1873 suarum
275 1812 387 1889 cuique
410 1830 521 1885 rerum,
543 1810 656 1870 alienis
679 1810 774 1871 nimis
797 1811 952 1890 implicari
975 1814 1083 1874 moles-

129 1916 197 1970 tum
231 1928 299 1969 esse
311 1932 318 1984 ;
356 1908 638 1967 commodissimum
675 1926 742 1967 esse
776 1927 870 1985 quam
905 1909 1082 1971 laxissimas
1105 1927 1133 1971 15

128 2008 266 2066 habenas
297 2006 411 2065 habere
443 2004 609 2077 amicitiae,
639 2024 717 2081 quas
748 2005 799 2063 vel
833 2005 979 2081 adducas,
1011 2026 1081 2066 cum

128 2103 217 2178 velis,
236 2102 285 2161 vel
307 2101 467 2177 remittas3
496 2106 591 2178 caput
612 2101 695 2159 enim
717 2119 784 2161 esse
805 2102 846 2160 ad
867 2103 957 2162 beate
978 2103 1082 2163 viven-

129 2201 204 2260 dum
222 2198 508 2274 securitatemque
526 2197 591 2256 frui
610 2217 673 2256 non
692 2197 792 2275 possit
810 2198 942 2273 animus,
961 2200 987 2260 si
1006 2207 1082 2260 tam-

129 2316 221 2375 quam
240 2295 394 2373 parturiat
411 2313 491 2354 unus
508 2313 565 2371 pro
581 2294 733 2371 pluribus.
795 2293 844 2355 46.
868 2294 957 2356 Alios
977 2305 1081 2356 autem

128 2394 231 2453 dicere
256 2393 345 2452 aiunt
368 2391 467 2451 multo
494 2391 589 2451 etiam
617 2391 818 2452 inhumanius
845 2392 951 2470 (quem
979 2394 1081 2453 locum
1103 2412 1132 2456 ao

127 2489 265 2550 breviter
282 2489 375 2566 paulo
394 2492 467 2548 ante
487 2487 671 2568 perstriuxi)
689 2488 827 2564 praesidi
846 2489 1081 2568 adiumentique

128 2605 230 2662 causa,
246 2605 308 2644 non
322 2584 557 2645 benevolentiae
572 2602 672 2661 neque
687 2584 827 2645 caritatis
840 2573 996 2648 amicitias
1014 2607 1081 2648 esse

128 2683 336 2761 expetendam
365 2681 481 2759 itaque,
507 2687 543 2740 ut
570 2680 703 2759 quisque
731 2681 895 2741 minimum
921 2683 1080 2745 firmitatis

128 2781 258 2840 haberet
282 2778 508 2855 minimumque
532 2777 657 2851 virium,
681 2777 728 2838 ita
751 2778 906 2839 amicitias
934 2787 1081 2858 appetere

128 2876 279 2951 maxime,
308 2894 347 2934 ex
368 2894 404 2933 eo
424 2874 502 2947 fieri,
525 2880 560 2933 ut
581 2873 783 2935 mulierculae
808 2875 907 2951 magis
932 2877 1082 2936 amicitia·
1102 2897 1131 2939 25

127 2992 198 3033 rum
222 2971 379 3051 praesidia
406 2976 557 3047 quaerant
585 2989 679 3048 quam
703 2971 764 3030 viri
792 2979 824 3031 et
852 2972 959 3049 inopes
988 2993 1079 3051 quam

128 3069 269 3148 opulenti
294 3073 325 3128 et
350 3067 524 3128 calamitosi
548 3086 641 3145 quam
666 3067 705 3143 ei,
731 3067 785 3145 qui
813 3075 963 3146 putentur
986 3071 1079 3130 beati.

126 3165 177 3228 47.
202 3166 227 3227 O
245 3165 437 3243 praeclaram
456 3163 659 3241 sapientiam!
704 3165 807 3224 Solem
826 3165 910 3224 enim
929 3185 946 3225 e
965 3168 1081 3228 mundo

125 3263 238 3323 tollere
266 3262 422 3335 ridentur,
448 3261 502 3339 qui
531 3260 700 3321 amicitiam
730 3281 746 3320 e
775 3261 842 3321 vita
868 3262 994 3338 tollunt,
1020 3283 1082 3341 qua

125 3359 208 3419 nihil
226 3379 245 3418 a
261 3359 310 3418 dis
327 3357 555 3418 immortalibus
573 3357 686 3418 melius
704 3357 862 3433 habemus,
878 3359 958 3417 nihil
977 3360 1082 3419 iucun-
1102 3378 1132 3424 ao

126 3457 207 3516 dius.
250 3457 335 3526 Quae
354 3462 403 3515 est
422 3455 505 3514 enim
524 3454 587 3514 ista
605 3454 782 3515 securitas?
825 3455 934 3533 Specie
955 3457 1082 3533 quidem

125 3554 252 3628 blanda,
276 3552 331 3615 sed
354 3570 462 3633 reapse
486 3551 595 3612 multis
621 3551 697 3613 locis
722 3552 922 3632 repudianda.
970 3554 1081 3636 Neque
