2667 3984
161 294 202 359 la
473 308 613 357 numus
633 306 678 356 nn
699 304 851 357 amoma

250 478 403 539 Smetolu.
432 478 542 549 Quid?
564 477 734 537 amicitiam
754 495 856 536 nonne
876 476 970 536 facile
990 477 1028 552 ei,
1047 479 1102 555 qui
1125 478 1168 537 ob

209 593 277 635 eam
289 594 410 636 summa
424 574 494 645 fide,
506 574 684 634 corratantia
699 574 881 651 iustitiaque
896 580 1052 634 servatam
1068 575 1167 634 maxi·

209 690 290 731 mam
307 672 438 747 gloriam
452 672 596 749 ceperit?

249 769 342 829 VIII.
377 767 426 830 86.
460 770 591 829 laelius.
621 768 695 828 Vim
723 766 781 827 hoo
809 767 935 846 quidem
963 774 1012 829 est
1039 769 1163 829 afferre.

158 879 172 923 a
209 866 290 937 Quid
314 866 398 925 enim
425 866 531 939 refert,
556 884 620 942 qua
646 882 696 923 me
725 864 844 924 ratione
871 865 1016 940 cogatis?
1047 866 1164 941 cogitis

208 970 300 1022 certe.
359 962 480 1023 Studiis
511 962 594 1021 enim
626 979 819 1037 generorum
849 962 1031 1039 praesertim
1063 962 1097 1021 in
1128 982 1163 1021 re

208 1060 297 1133 bona,
321 1078 392 1119 cum
416 1058 542 1119 difficile
566 1066 624 1131 est,
646 1065 714 1118 turn
738 1075 778 1117 ns
802 1076 936 1135 aequum
960 1057 1086 1136 quidem
1111 1059 1163 1118 ob

208 1157 327 1217 sistere.

249 1254 436 1331 Saepissime
452 1252 548 1327 igitur
559 1251 636 1311 mihi
651 1251 690 1311 de
705 1251 845 1312 amicitia
858 1252 1010 1328 cogitanti
1025 1253 1161 1312 maxime

159 1364 187 1409 ιο
208 1350 288 1411 illud
310 1350 569 1410 considerandum
591 1348 693 1408 videri
715 1348 803 1423 solet,
826 1356 933 1409 utrum
957 1356 1084 1427 propter
1107 1351 1161 1407 irn-

208 1447 411 1507 becillitatem
431 1453 525 1523 atque
545 1446 683 1524 inopiam
702 1446 881 1506 desiderata
899 1446 942 1506 sit
960 1446 1108 1520 amicitia,
1124 1453 1161 1505 ut

208 1544 319 1604 dandis
334 1543 583 1621 recipiendisque
597 1542 729 1615 moritis,
742 1543 825 1619 quod
839 1542 972 1620 quisque
987 1543 1089 1602 minus
1104 1563 1161 1620 per

207 1660 240 1701 se
263 1641 330 1719 ipse
354 1648 467 1718 posset,
489 1639 522 1699 id
545 1639 700 1717 acciperet
724 1638 763 1698 ab
787 1638 849 1698 alio
870 1639 1071 1717 vicissimque
1094 1641 1160 1699 red-

207 1738 304 1811 deret,
326 1756 365 1796 an
388 1743 471 1796 esset
495 1735 552 1795 hoo
578 1736 705 1812 quidem
730 1736 890 1813 proprium
915 1737 1082 1811 amicitiae,
1104 1738 1158 1796 sed

157 1847 185 1894 lo
206 1834 365 1911 antiquior
379 1839 410 1892 et
427 1833 586 1911 pulchrior
600 1839 632 1891 et
649 1832 748 1907 magis
766 1851 786 1892 a
801 1839 914 1893 natura
931 1833 1001 1911 ipsa
1020 1833 1159 1911 profecta

206 1930 269 1990 alia
282 1949 383 1990 causa.
423 1930 521 1988 Amor
535 1929 628 2003 enim,
643 1948 681 1988 ex
696 1948 758 2006 quo
772 1929 912 1989 amicitia
926 1930 1087 1990 nominata
1100 1937 1155 2004 est,

206 2027 350 2106 princeps
372 2034 420 2087 est
441 2027 481 2086 ad
503 2026 753 2086 benevolentiam
775 2026 1031 2102 coniungendam.
1074 2028 1155 2087 Nam

205 2123 360 2184 utilitates
379 2123 505 2201 quidem
523 2123 618 2182 etiam
636 2122 676 2182 ab
693 2122 739 2183 eis
756 2122 972 2201 percipiuntur
986 2142 1088 2202 saepe,
1102 2125 1156 2201 qui

205 2220 404 2280 simulatione
420 2220 576 2279 amicitias
591 2219 735 2279 coluntur
747 2226 778 2278 et
792 2220 996 2280 observantur
1007 2221 1156 2299 temporis

154 2331 184 2378 ao
204 2335 306 2391 causa,
324 2317 357 2375 in
377 2316 516 2376 amicitia
534 2323 638 2375 autem
656 2314 738 2374 nihil
757 2315 865 2375 fictum
887 2322 945 2391 est,
963 2316 1043 2376 nihil
1065 2317 1156 2377 simu-

205 2413 303 2473 latum
323 2419 363 2486 st,
382 2413 537 2490 quidquid
558 2419 615 2488 est,
633 2413 667 2472 id
688 2419 736 2472 est
754 2431 860 2472 verum
884 2420 916 2473 et
935 2414 1154 2475 voluntarium.

204 2509 252 2571 27.
276 2511 472 2587 Quapropter
486 2528 505 2569 a
518 2515 631 2569 natura
646 2509 726 2568 mihi
740 2510 866 2570 videtur
880 2511 985 2588 potius
1005 2530 1098 2588 quam
1117 2512 1157 2572 ab

204 2607 380 2682 indigentia
392 2613 460 2666 orta
473 2607 622 2681 amicitia,
634 2605 844 2685 applicatione
859 2607 958 2683 magis
973 2608 1071 2668 animi
1085 2627 1156 2668 cum

204 2704 337 2782 quodam
353 2723 446 2764 sensu
464 2703 589 2763 amandi
607 2722 701 2781 quam
718 2703 916 2779 cogitatione,
932 2710 1083 2782 quantum
1100 2706 1157 2765 illa

152 2816 181 2863 aa
203 2820 252 2862 res
272 2800 421 2861 utilitatis
442 2806 524 2860 esset
543 2799 696 2860 habitura
738 2800 828 2871 Quod
847 2800 974 2877 quidem
992 2801 1083 2879 quale
1105 2803 1155 2878 sit,

202 2899 298 2959 etiam
319 2899 353 2958 in
374 2897 484 2958 bestiis
506 2897 693 2975 quibusdam
714 2892 923 2957 animadverti
946 2904 1057 2975 potest,
1076 2918 1156 2975 quae

203 3015 242 3056 ex
260 3015 293 3057 se
312 3001 402 3055 natos
421 2995 467 3054 ita
486 3000 593 3054 amant
613 2994 653 3054 ad
674 2994 830 3071 quoddam
851 3000 976 3072 tempus
997 3001 1029 3053 et
1050 2995 1089 3055 ab
1110 2996 1155 3054 eis

202 3093 249 3153 ita
267 3097 420 3165 amantur,
437 3096 473 3149 ut
492 3091 586 3150 facile
607 3109 714 3150 earum
736 3110 844 3153 sensus
866 3097 1022 3169 appareat.
1065 3091 1155 3161 Quod

201 3190 236 3249 in
256 3189 382 3248 homine
404 3187 503 3247 multo
524 3193 573 3248 est
594 3188 780 3263 evidentius,
802 3188 938 3265 primum
962 3207 1000 3247 ex
1023 3207 1060 3248 ea
1081 3189 1156 3247 cari-

151 3302 180 3348 ao
201 3292 276 3361 tate,
300 3305 378 3363 quae
403 3291 452 3345 est
479 3285 561 3343 inter
585 3290 675 3344 natos
703 3290 735 3343 et
763 3291 917 3362 parentes,
941 3303 1021 3362 quae
1049 3284 1155 3344 dirimi

201 3383 263 3443 nisi
283 3382 463 3442 detestabili
483 3381 598 3442 scelere
618 3402 681 3440 non
700 3387 819 3459 potest3
846 3381 958 3440 deinde
980 3401 1050 3441 oum
1073 3383 1156 3442 simi-

182 3479 241 3560 ·lis
266 3498 375 3539 sensus
403 3478 528 3536 exstitit
556 3479 680 3549 amoris,
705 3478 732 3535 si
760 3477 897 3553 aliquem
925 3479 1009 3537 nacti
1038 3497 1154 3552 sumus,
