2667 3984
198 339 240 403 20
511 352 652 400 tuncrus
672 352 717 399 nn
737 351 889 400 amoma

247 521 330 581 enirn
354 527 403 581 est
429 526 671 581 consentaneum
700 518 797 580 ullam
824 518 988 580 honestam
1017 539 1083 579 rem
1112 521 1207 581 actio

248 638 367 691 nemve,
383 638 422 678 ne
440 617 594 679 sollicitus
611 617 665 691 sis,
680 623 735 677 aut
752 636 814 676 non
832 617 990 695 suscipere
1007 623 1063 676 aut
1083 637 1207 695 suscep

247 722 312 776 tam
323 716 486 794 deponere.
521 714 610 786 Quod
622 713 648 773 si
660 733 766 774 curam
777 713 926 790 fugimus,
937 714 1038 774 virtus
1053 713 1207 789 fugienda

248 820 305 881 est,
320 832 399 890 quac
417 830 542 872 necesse
561 818 609 872 est
629 829 699 870 cnm
719 810 826 888 aliqua
844 830 919 871 cura
937 829 985 871 res
1005 810 1065 870 sibi
1085 817 1207 870 eontra

198 924 213 968 o
249 908 311 968 rias
325 914 509 985 aspernetur
523 914 617 986 atque
632 907 743 982 oderit,
759 913 795 966 ut
809 907 932 968 bonitas
950 907 1114 981 malitiam,
1129 913 1208 966 tem-

250 1005 391 1082 perantia
410 1005 583 1077 libidinem,
599 1004 757 1080 ignaviam
777 1004 948 1079 fortitudo;
971 1005 1078 1082 itaque
1098 1005 1207 1064 videas

249 1102 341 1161 rebus
356 1101 483 1161 iniustis
499 1101 597 1161 iustos
614 1101 750 1161 maxime
768 1101 882 1175 dolere,
898 1101 1076 1161 imbellibus
1095 1102 1205 1175 fortes,

249 1197 415 1273 flagitiosis
439 1198 603 1257 modestos.
654 1198 738 1273 Ergo
762 1196 820 1257 hoo
845 1198 1004 1276 proprium
1030 1205 1078 1257 est
1106 1198 1206 1257 animi

249 1296 327 1354 bene
348 1294 521 1367 constituti,
544 1301 576 1354 et
597 1294 707 1355 laetari
728 1294 818 1355 bonis
840 1295 932 1355 rebus
953 1300 985 1355 et
1006 1294 1112 1354 dolere
1137 1314 1207 1354 oon-

200 1406 229 1450 10
249 1391 363 1452 trariis.
430 1390 479 1452 4⁸.
505 1392 605 1461 Quam
633 1391 672 1451 ob
700 1409 774 1465 rem,
801 1391 828 1451 si
855 1392 941 1451 cadit
967 1391 999 1450 in
1029 1392 1205 1468 sapientem
1294 1379 1320 1422 ·’

249 1489 346 1549 animi
372 1488 468 1562 dolor,
491 1488 546 1565 qui
571 1488 712 1565 prolecto
738 1488 832 1562 oarlit,
855 1488 917 1548 nisi
941 1506 979 1547 ex
1004 1487 1071 1547 eius
1100 1488 1206 1547 animo

250 1585 454 1664 exstirpatam
474 1585 703 1645 humanitatem
723 1585 919 1659 arbitramur,
936 1603 1015 1662 quae
1034 1591 1205 1658 causaest,

250 1701 304 1741 cur
328 1681 498 1741 amicitiam
524 1681 670 1741 funditus
697 1681 845 1741 tollamus
873 1699 890 1739 e
914 1681 989 1754 vita,
1015 1699 1054 1739 ne
1082 1680 1206 1757 aliquas

251 1785 377 1857 propter
397 1797 465 1837 eam
488 1768 695 1856 suscipiamus¹
717 1776 903 1837 molestias?
950 1777 1033 1848 Quid
1055 1777 1140 1836 enirn
1162 1778 1207 1836 in·

201 1889 229 1934 lo
250 1882 348 1935 terest
367 1882 452 1933 motu
472 1874 568 1934 animi
589 1874 712 1934 sublato
732 1894 794 1933 non
813 1874 882 1934 dico
900 1874 983 1933 inter
1001 1874 1152 1951 pecudem
1175 1882 1206 1933 et

251 1972 417 2044 hominem,
438 1971 493 2032 sed
514 1971 597 2031 inter
618 1971 776 2030 hominem
797 1977 830 2031 et
850 1976 995 2030 truncum
1018 1977 1073 2030 aut
1095 1990 1206 2030 saxum

251 2075 305 2130 aut
324 2069 450 2147 quidvis
470 2069 592 2144 generis
611 2069 778 2129 eiusdem?
819 2070 930 2147 Neque
950 2069 1033 2127 enim
1055 2076 1130 2128 sunt
1151 2068 1207 2128 isti

251 2166 408 2239 audiendi,
431 2165 485 2243 qui
507 2165 656 2225 virtutem
679 2165 787 2225 duram
812 2170 844 2224 et
866 2165 956 2243 quasi
978 2165 1112 2224 ferream
1138 2184 1206 2225 esse

251 2263 407 2341 quandam
437 2262 563 2336 volunt3
599 2279 679 2338 quae
706 2261 832 2339 quidem
860 2268 909 2322 est
936 2280 1004 2321 eum
1034 2262 1144 2321 multis
1172 2263 1207 2321 in

201 2373 231 2418 ao
252 2359 352 2429 rebus,
371 2364 438 2417 turn
457 2358 491 2416 in
510 2358 650 2418 amicitia
670 2364 779 2419 tenera
798 2363 892 2436 atque
914 2358 1098 2433 tractabilis,
1117 2364 1154 2418 ut
1175 2366 1209 2418 et

252 2455 342 2516 bonis
363 2454 455 2515 amici
478 2455 568 2532 quasi
591 2454 788 2514 diffundatur
808 2459 840 2514 et
862 2455 1065 2514 incommodis
1087 2460 1208 2516 contra-

252 2553 354 2613 hatur.
396 2552 497 2622 Quam
513 2551 552 2611 ob
570 2570 634 2610 rem
651 2570 748 2628 angor
763 2552 831 2625 iste,
847 2552 901 2629 qui
919 2570 976 2628 pro
994 2552 1094 2610 amieo
1114 2571 1208 2629 saepe

252 2649 423 2727 capiendus
442 2655 500 2722 est,
515 2667 578 2708 non
596 2654 720 2708 tantum
736 2648 829 2721 valet,
844 2655 880 2707 ut
898 2649 991 2708 tollat
1011 2648 1113 2707 evita
1133 2650 1210 2708 ami·

253 2746 368 2821 citiam,
390 2765 452 2805 uon
478 2745 548 2822 plus
573 2763 668 2823 quam
692 2750 728 2804 ut
752 2745 895 2818 virtutes,
917 2745 992 2821 quia
1015 2764 1078 2803 non
1102 2745 1208 2806 nullas

202 2859 231 2903 ao
253 2861 342 2903 curas
364 2848 396 2901 et
417 2841 577 2901 molestias
598 2840 743 2916 afferunt,
763 2841 974 2919 repudientur.

293 2940 381 2999 XIV.
411 2939 489 2999 Cum
517 2943 622 2998 autem
650 2938 815 2998 contrahat
842 2937 1022 3012 amicitiam,
1048 2944 1084 2996 ut
1112 2958 1209 3016 snpra

253 3035 330 3110 dixi,
353 3035 380 3096 si
401 3054 464 3112 qua
484 3035 673 3110 significatio
694 3035 821 3095 virtutis
842 3034 973 3109 eluceat,
995 3035 1036 3094 ad
1057 3054 1152 3112 quam
1175 3054 1208 3095 se

254 3132 367 3193 similis
386 3132 509 3191 animus
530 3131 666 3210 applicet
687 3136 720 3191 et
740 3132 900 3207 adiungat,
918 3132 951 3191 id
973 3151 1044 3191 cum
1065 3131 1207 3209 contigit,

254 3248 340 3289 amor
354 3228 512 3288 exoriatur
529 3246 653 3287 necesse
674 3233 729 3287 est.
792 3228 841 3289 49.
863 3228 946 3298 Quid
967 3228 1051 3287 enim
1072 3235 1138 3287 tam
1159 3229 1209 3288 ab

204 3325 381 3386 absurdum
415 3343 510 3401 quam
542 3324 691 3384 delectari
721 3325 831 3384 multis
862 3325 1011 3384 inanimis
1042 3326 1143 3399 rebus,
1173 3331 1208 3384 ut

255 3420 379 3494 honore,
406 3425 442 3479 ut
470 3420 578 3496 gloria,
606 3428 642 3480 ut
670 3420 821 3495 aedificio,
849 3428 885 3480 ut
913 3421 1031 3481 vestitu
1058 3421 1207 3499 cultuque

255 3516 401 3593 corporis,
417 3515 575 3574 animante
595 3516 712 3574 virtute
734 3517 884 3592 praedito,
902 3535 939 3575 eo
959 3516 1014 3595 qui
1033 3518 1083 3577 vel
1105 3536 1208 3578 amare
