2667 3984
172 301 192 365 2
484 317 626 365 nastros
646 317 690 363 os
713 317 865 365 sruorrrs

221 483 383 543 hominum
400 483 451 544 vel
470 484 637 545 admiratio
655 485 705 545 vel
725 485 860 564 querela
924 484 952 547 8.
976 487 1089 564 Itaque
1108 495 1172 547 tum
1264 488 1268 495 '

222 580 372 641 Scaevola
384 599 457 655 oum
472 581 591 646 ineam
609 582 920 661 ipsamgrnentionem
939 583 1113 660 incidisset,
1127 604 1173 644 ex-

221 676 327 755 posuit
344 677 434 739 uobis
451 684 626 739 'sermonem
644 676 740 738 L'aeli‘
752 680 789 738 de
809 679 957 755 amicitia,
974 680 1118 741 habitum
1136 682 1173 741 ab

222 772 278 833 illo
292 782 443 837 semmei
454 784 527 835 anni
542 775 641 839 altero
658 795 781 851 genero,
797 777 829 837 C.
846 777 967 836 Fannio
984 778 1083 837 Marci
1099 778 1172 854 filio,

171 884 187 930 a
222 871 330 948 paucis
353 864 462 932 diebus
484 879 556 951 post
580 861 711 932 morteri
732 868 885 933 Africani.
936 874 1014 935 Eius
1039 875 1174 953 disputa

221 968 318 1028 tionis
343 968 515 1030 sententias
540 969 706 1029 memoriae
730 969 886 1045 mandavi,
911 990 989 1049 quas
1013 972 1072 1030 hoc
1097 972 1173 1031 libro

222 1065 354 1142 exposui
374 1065 529 1126 arbitratu
551 1084 636 1141 meo;
665 1066 755 1144 quasi
780 1066 864 1126 enim
889 1066 974 1145 ipsos
998 1067 1109 1127 induxi
1133 1068 1173 1126 lo

222 1168 363 1240 quentes,
384 1181 424 1222 ne
446 1163 611 1238 ‘inquom'
634 1168 667 1222 et
689 1163 825 1239 ‘inquit'
848 1165 973 1241 saepius
1001 1163 1173 1242 interpone·

222 1265 317 1333 retur,
331 1265 426 1338 atque
443 1266 479 1320 ιιι
495 1266 655 1338 tamquam
675 1279 694 1320 a
712 1259 928 1338 praesentibus
945 1279 1048 1321 eoram
1067 1261 1173 1321 haberi

172 1370 201 1415 10
222 1375 323 1416 sermo
336 1357 504 1417 videretur.
815 1361 822 1370 ”

260 1451 289 1513 4.
320 1454 398 1514 Cum
413 1454 503 1513 enim
524 1472 617 1532 saepe
638 1471 760 1512 mecum
780 1472 897 1530 ageres,
917 1461 953 1514 ut
974 1455 1013 1514 de
1035 1455 1173 1515 amicitia

222 1549 387 1609 scriberem
403 1549 531 1628 aliquid,
547 1550 642 1626 digna
659 1549 738 1610 mihi
757 1568 807 1610 res
826 1569 896 1610 curu
915 1551 1052 1610 omnium
1074 1552 1174 1627 cogni-

222 1646 315 1719 tione,
335 1652 401 1706 tum
425 1652 531 1707 nostra
551 1646 769 1707 familiaritate
790 1647 860 1708 visa
880 1654 935 1708 est.
978 1648 1090 1726 Itaque
1111 1648 1173 1707 feci

222 1762 284 1801 uon
300 1743 430 1817 invitus,
445 1750 481 1803 ut
498 1744 678 1822 prodessem
695 1744 804 1804 multis
824 1751 933 1819 rogatu
952 1751 1016 1804 tuo,
1058 1745 1120 1803 Sed
1138 1749 1174 1803 ut

172 1855 200 1898 ra
222 1840 255 1898 in
272 1841 389 1900 Catone
408 1840 535 1915 Maiore,
551 1841 605 1918 qui
623 1847 671 1899 est
689 1840 824 1918 scriptus
842 1841 882 1900 ad
899 1847 931 1899 te
948 1842 984 1899 de
1005 1847 1172 1915 senectute,

222 1938 372 1997 Catonem
391 1937 502 1996 induxi
521 1955 626 1996 senem
647 1937 872 2014 disputantem,
891 1937 965 2015 quia
985 1937 1074 1997 nulla
1093 1938 1174 1997 vide-

222 2033 313 2093 batur
334 2033 437 2110 aptior
458 2052 598 2111 persona,
621 2052 701 2111 quae
723 2034 762 2093 de
785 2033 841 2094 illa
863 2040 964 2094 aetate
985 2034 1173 2112 loqueretur,

222 2150 315 2207 quam
335 2130 411 2205 eius,
427 2130 481 2207 qui
501 2136 533 2189 et
552 2130 728 2191 diutissime
748 2149 842 2190 senex
863 2131 978 2190 fuisset
998 2137 1030 2190 et
1051 2131 1085 2190 in
1105 2131 1175 2210 ipsa

222 2233 380 2286 senectute
402 2231 524 2304 praeter
545 2232 664 2286 ceteros
687 2226 853 2300 floruisset,
876 2227 929 2302 sic,
951 2246 1020 2286 cum
1043 2228 1174 2306 accepis

170 2338 200 2382 20
222 2342 325 2384 semus
348 2343 367 2383 a
389 2323 531 2401 patribus
555 2323 690 2384 maxime
714 2323 948 2384 memorabilem
972 2325 1005 2385 C.
1029 2324 1117 2384 Laeli
1141 2330 1173 2383 et

221 2421 255 2479 P.
276 2420 431 2498 Scipionis
452 2419 701 2480 familiaritatem
724 2420 832 2494 fuisse,
852 2421 965 2480 idonea
985 2420 1064 2479 mihi
1086 2421 1173 2481 Laeli

221 2536 354 2596 persona
370 2517 439 2577 visa
456 2523 513 2591 est,
531 2536 610 2594 quae
632 2518 671 2576 de
692 2517 832 2577 amicitia
852 2536 889 2576 ea
909 2517 978 2595 ipsa
997 2517 1171 2591 dissereret,

221 2633 300 2691 quae
329 2614 490 2691 disputata
514 2615 553 2673 ab
576 2632 613 2673 eo
637 2613 832 2674 meminisset
861 2613 1016 2674 Scaevola.
1068 2616 1173 2674 Genus

221 2717 325 2771 autem
346 2711 405 2770 hoc
428 2729 604 2770 sermonum
629 2710 766 2787 positum
791 2711 825 2769 in
849 2711 1011 2770 hominum
1032 2717 1173 2770 veterum

170 2823 199 2868 25
221 2808 416 2882 auctoritate,
432 2812 581 2866 eteorum
597 2807 780 2881 illustrium,
795 2808 866 2885 plus
882 2807 987 2867 nescio
1005 2826 1066 2885 quo
1084 2813 1174 2884 pacto

220 2905 346 2965 videtur
364 2905 477 2964 habere
496 2904 678 2979 gravitatis3
705 2904 812 2981 itaque
832 2904 900 2981 ipse
918 2922 988 2964 mea
1005 2904 1111 2979 legens
1129 2903 1174 2963 sie

221 3002 336 3062 afficior
360 3001 527 3074 interdurn,
550 3006 586 3059 ut
611 3000 770 3073 Catonem,
793 3020 856 3060 non
881 3020 929 3059 me
954 3000 1040 3079 loqui
1069 3001 1175 3060 existi-

221 3118 311 3158 mem.
375 3098 403 3159 5.
427 3098 489 3157 Sed
507 3103 543 3156 ut
561 3103 629 3156 tum
648 3097 688 3155 ad
708 3115 813 3157 senem
832 3115 927 3157 senex
946 3099 984 3157 de
1004 3103 1173 3171 senectute,

222 3196 266 3256 sic
286 3196 342 3256 hoe
362 3195 441 3255 libro
462 3194 503 3255 ad
524 3194 657 3253 amicum
680 3194 886 3253 amicissimus
908 3195 1020 3272 scripsi
1041 3195 1080 3253 de
1101 3194 1175 3253 ami-

171 3310 200 3355 30
221 3293 305 3353 eitia.
361 3295 442 3351 Tum
469 3296 518 3352 est
545 3291 623 3351 Cato
650 3290 782 3365 locutus,
806 3310 867 3368 quo
895 3297 962 3351 erat
989 3311 1079 3350 nemo
1107 3290 1174 3350 fere

222 3389 324 3450 senior
345 3388 537 3466 temporibus
559 3386 634 3462 illis,
655 3406 746 3447 nemo
767 3387 965 3464 prudentiam
995 3406 1077 3446 nuno
1100 3389 1174 3446 Lae-

221 3487 283 3547 lius
307 3491 339 3544 et
367 3485 490 3561 sapiens
516 3483 575 3561 (sio
603 3484 687 3542 euim
715 3489 763 3544 est
790 3484 930 3564 habitus)
957 3491 989 3543 et
1017 3484 1172 3544 amicitiae
