2667 3984
539 325 713 373 enarraris
733 325 799 379 xx,
818 325 887 371 xxi.
1174 312 1213 372 31

212 514 252 555 ne
273 514 336 554 non
357 494 459 555 solum
481 492 640 554 amicitiae
663 492 834 571 depositae,
860 493 915 552 sed
937 492 1032 553 etiam
1057 492 1164 553 inimi·

212 591 307 652 citiae
329 596 492 669 susceptae
514 591 691 651 videantur.
739 590 832 649 Nihil
854 590 939 649 enirn
965 595 1014 650 est
1038 591 1164 668 turpius

213 708 307 767 quam
322 708 392 748 cum
406 707 441 747 eo
453 687 571 748 bellum
582 707 698 765 gerere,
714 706 846 765 quocum
860 687 1065 746 familiariter
1077 688 1163 747 vixe-

213 787 267 846 ris.
313 787 363 845 Ab
378 785 521 846 amicitia
535 785 571 856 Q.
590 786 721 862 Pompei
736 803 805 844 mco
823 785 948 844 nomine
970 803 1003 845 se
1026 803 1164 844 remove·

214 889 271 958 rat,
284 887 321 942 ut
330 882 429 957 scitis,
440 882 561 961 Scipio,
578 888 706 960 propter
718 882 948 941 dissensionem
959 886 1073 954 autem,
1084 901 1163 959 quae
1199 898 1214 941 5

213 985 285 1039 erat
296 980 329 1037 in
344 998 377 1039 re
392 979 533 1057 publica,
548 979 705 1039 alienatus
721 983 770 1038 est
790 997 809 1038 a
826 978 947 1056 collega
967 984 1076 1038 nostro
1098 979 1163 1038 Me·

213 1077 305 1151 tello;
327 1082 497 1153 utrumque
509 1075 575 1153 egit
586 1075 735 1153 graviter,
749 1079 783 1134 at
791 1094 861 1134 cum
870 1074 1012 1135 bonitate
1023 1080 1055 1134 et
1066 1074 1163 1135 offen·

214 1174 302 1233 sione
321 1172 421 1232 animi
440 1191 504 1231 non
519 1173 638 1232 acerba.
705 1171 753 1232 78.
779 1172 878 1242 Quam
894 1173 1012 1231 obrem
1027 1173 1163 1250 primum

213 1270 316 1330 danda
333 1287 428 1347 opera
445 1273 502 1344 est,
521 1288 560 1328 ne
578 1287 640 1346 qna
657 1269 828 1328 amicorum
846 1269 982 1328 discidia
998 1268 1090 1343 fiant3
1114 1270 1164 1329 sin

213 1366 277 1426 tale
299 1366 422 1444 aliquid
445 1365 595 1438 evenerit,
619 1370 655 1425 ut
677 1365 854 1424 exstinctae
875 1365 981 1442 potius
1005 1367 1164 1426 amicitiae
1186 1382 1215 1426 10

214 1483 308 1542 quam
325 1481 492 1541 oppressae
509 1481 578 1521 esse
599 1462 777 1521 videantur.
823 1462 1005 1522 Cavendum
1022 1482 1105 1538 vero,
1124 1483 1163 1523 ne

213 1561 310 1620 etiam
330 1560 494 1636 ingraves
517 1559 705 1619 inimicitias
725 1565 911 1618 convertant
933 1578 965 1619 se
987 1560 1161 1635 amicitiae3

214 1657 387 1735 exquibus
411 1656 522 1733 iurgia,
544 1656 722 1729 maledicta,
745 1656 955 1716 contumeliae
978 1657 1159 1733 gignuntur.

214 1754 298 1825 Quae
313 1759 418 1813 tamen
434 1753 462 1811 si
477 1752 658 1812 tolerabiles
673 1758 776 1825 erunt,
795 1753 943 1813 ferendae
961 1759 1044 1827 sunt,
1063 1759 1096 1813 et
1112 1754 1164 1814 hic

213 1851 311 1910 honos
329 1850 430 1909 veteri
448 1850 607 1909 amicitiae
626 1848 822 1923 tribuendus,
841 1855 878 1909 ut
896 1850 923 1909 is
942 1850 975 1909 in
994 1850 1088 1928 culpa
1107 1851 1160 1924 sit,
1187 1867 1215 1912 15

214 1947 267 2024 qui
284 1946 391 2021 faciat,
409 1965 472 2005 non
489 1946 526 2021 is,
545 1947 601 2024 qui
616 1946 758 2023 patiatur
772 1946 931 2006 iniuriam.

255 2044 391 2103 Omnino
413 2042 552 2101 omnium
574 2043 686 2102 horum
708 2043 860 2102 vitiorum
881 2049 976 2121 atque
996 2045 1164 2105 incommo-

214 2141 324 2200 dorum
338 2159 401 2199 una
415 2140 520 2199 cautio
535 2145 583 2199 est
599 2145 693 2217 atque
713 2159 776 2199 una
796 2140 945 2217 provisio,
964 2147 1000 2201 ut
1015 2146 1054 2202 ne
1068 2142 1165 2202 nimis

214 2237 278 2297 cito
295 2236 429 2312 diligere
447 2235 604 2314 incipiant
623 2255 702 2295 neve
722 2255 782 2295 non
804 2236 926 2312 dignos.
993 2237 1041 2299 79.
1067 2239 1165 2315 Digni

215 2339 320 2392 antem
342 2338 418 2392 sunt
438 2333 590 2408 amicitia,
609 2334 724 2410 quibus
742 2333 775 2392 in
791 2333 870 2410 ipsis
886 2335 970 2394 inest
989 2353 1092 2411 causa,
1111 2355 1166 2396 cur
1186 2351 1217 2396 20

215 2429 398 2507 diligantur.
445 2430 563 2489 Rarum
585 2449 693 2506 genus.
739 2431 782 2489 Et
803 2430 931 2507 quidem
951 2433 1057 2492 omnia
1078 2451 1165 2510 prae·

215 2527 300 2587 clara
324 2545 403 2601 rara,
432 2545 488 2585 nec
514 2526 683 2604 quicquam
709 2527 871 2587 difficilius
898 2547 991 2605 quam
1014 2530 1161 2607 reperire,

215 2624 298 2702 quod
313 2623 357 2682 sit
371 2622 457 2682 omni
472 2642 511 2682 ex
526 2629 615 2700 parte
630 2623 664 2682 in
679 2642 736 2682 suo
750 2642 862 2701 genere
876 2625 1061 2702 perfectum.
1105 2627 1167 2686 Sed

216 2720 359 2798 plerique
381 2739 482 2797 neque
509 2720 542 2778 in
569 2721 660 2779 rebus
684 2719 830 2780 humanis
856 2723 1024 2799 quicquam
1050 2724 1166 2783 bonum

215 2824 339 2891 norunt,
358 2817 423 2876 nisi
441 2817 524 2894 quod
541 2817 737 2876 fructuosum
756 2817 808 2892 sit,
827 2824 859 2877 et
874 2819 990 2879 amicos
1005 2824 1166 2897 tamquam
1187 2837 1217 2882 25

215 2914 349 2991 pecudes
372 2932 425 2973 eos
446 2913 649 2992 potissimum
671 2913 819 2991 diligunt,
838 2934 878 2974 ex
900 2916 1015 2993 quibus
1038 2924 1167 2995 sperant

216 3028 249 3070 se
270 3010 443 3069 maximum
465 3011 605 3069 fructum
626 3029 695 3071 esse
721 3015 876 3089 capturos.
943 3012 992 3074 80.
1025 3015 1075 3073 Ita
1097 3014 1167 3091 pul·

216 3103 371 3167 cherrima
392 3106 451 3166 illa
469 3113 502 3167 et
523 3107 658 3166 maxime
676 3107 816 3167 naturali
830 3115 938 3169 carent
952 3110 1095 3170 amicitia
1111 3130 1167 3188 per

215 3221 249 3263 se
271 3210 303 3262 et
325 3209 452 3281 propter
473 3222 506 3264 se
528 3204 670 3281 expetita
689 3223 746 3265 nec
765 3204 828 3283 ipsi
844 3206 906 3265 sibi
921 3209 1065 3284 exemplo
1080 3215 1163 3282 sunt,

215 3298 292 3360 haec
307 3300 356 3359 vis
373 3300 532 3360 amicitiae
547 3307 579 3360 et
595 3301 699 3379 qualis
715 3307 747 3361 et
762 3309 880 3379 quanta
895 3304 947 3363 sit.
995 3305 1067 3382 lpse
1082 3305 1167 3364 enim
1189 3320 1217 3365 ³0

216 3414 249 3456 se
265 3396 398 3473 quisque
414 3396 531 3473 diligit,
547 3416 610 3456 non
625 3403 660 3457 ut
675 3398 815 3476 aliquam
830 3418 849 3458 a
863 3419 895 3459 se
911 3401 978 3477 ipse
994 3402 1168 3461 mercedem

216 3495 323 3569 exigat
350 3493 494 3553 caritatis
520 3513 604 3568 suae,
633 3494 689 3554 sed
713 3497 796 3572 quod
818 3515 874 3573 per
895 3516 928 3556 se
949 3498 1013 3557 sibi
1033 3497 1168 3576 quisque
