2667 3984
210 330 232 395 4
523 346 665 395 cancros
686 346 731 393 nn
751 346 902 394 rnrcrrm

260 514 383 575 tissime
411 534 534 594 semper
561 515 652 575 illum
680 515 763 575 diem
791 521 824 576 et
851 514 931 575 illud
960 535 1073 576 munus
1102 516 1216 577 solitus
1311 548 1313 569 1

261 629 345 672 esses
367 611 460 672 obire.

301 707 329 769 8.
358 708 513 770 Scaevam
543 709 705 780 Quaerunt
725 709 862 787 quidem,
884 710 917 771 G.
939 709 1035 784 Laeli,
1057 710 1159 785 multi,
1179 718 1217 770 ut

261 811 310 865 est
329 824 348 866 a
364 806 485 865 Fannio
503 805 632 882 dictum,
648 806 704 866 sed
723 824 780 881 ogo
798 807 832 866 id
851 807 1032 885 respondeo,
1050 808 1133 884 quod
1152 808 1217 867 ani-

210 916 225 962 o
261 922 346 962 mum
364 902 497 975 adverti,
512 909 543 962 te
560 900 710 977 dolorem,
725 922 817 981 quem
837 904 992 981 acceperis
1011 921 1081 963 cum
1101 905 1216 964 summi

261 999 331 1073 viri,
349 1006 417 1059 tum
436 999 619 1060 amicissimi
640 1006 749 1073 morte,
768 999 850 1059 ferre
872 1000 1030 1060 moderate
1051 1019 1107 1060 neo
1128 1007 1217 1079 potu-

261 1095 323 1156 isse
345 1114 405 1154 non
427 1096 615 1156 commoveri
637 1114 693 1155 neo
714 1096 814 1156 fuisse
835 1096 870 1156 id
893 1096 1099 1157 humanitatis
1124 1103 1215 1173 tuae;

261 1191 345 1270 quod
366 1198 471 1253 autem
493 1192 595 1253 Nonis
621 1193 653 1252 in
678 1192 810 1269 collegio
831 1198 938 1253 nostro
962 1212 1023 1253 non
1049 1194 1215 1268 adfuisse-e,
1312 1218 1314 1225 ’

260 1288 474 1349 valetudinem
502 1290 674 1368 respondeo
700 1308 835 1365 causam,
861 1309 923 1350 non
951 1290 1141 1350 maestitiam
1168 1291 1218 1350 fu-

212 1402 240 1446 10
261 1404 332 1446 rsse.

302 1484 434 1542 Laelius.
465 1483 561 1542 Recte
587 1488 622 1542 tu
647 1483 783 1561 quidem,
806 1481 964 1558 Scaevola,
986 1490 1018 1544 et
1040 1502 1129 1560 vere3
1157 1502 1217 1544 nec

262 1579 345 1639 onim
364 1578 403 1639 ab
422 1578 483 1639 isto
502 1578 610 1654 officio,
628 1580 713 1657 quod
732 1598 854 1658 semper
870 1580 1030 1658 usurpavi,
1046 1599 1117 1640 oum
1135 1581 1217 1640 vale-
1310 1626 1314 1644 .

262 1694 336 1751 rem,
365 1676 477 1736 abduci
507 1676 702 1735 incommodo
730 1695 799 1736 meo
828 1677 931 1752 debui,
959 1696 1015 1736 nec
1045 1677 1110 1737 ullo
1140 1696 1217 1738 casu

262 1772 396 1832 arbitror
422 1774 481 1832 hoc
508 1773 665 1833 constanti
693 1772 813 1832 homini
841 1792 932 1852 posse
963 1773 1151 1850 contingere,
1179 1780 1217 1834 ut
1310 1821 1313 1832 ,

212 1885 240 1931 15
262 1868 328 1929 ulla
355 1869 546 1929 intermissio
573 1869 630 1929 fiat
657 1868 746 1929 offici.
824 1869 852 1932 9.
882 1871 930 1930 Tu
961 1876 1075 1945 autern,
1104 1871 1216 1945 Fanni,

262 1966 345 2044 quod
376 1966 455 2025 mihi
486 1971 609 2025 tantum
641 1966 738 2025 tribui
769 1966 857 2041 diois,
887 1973 1040 2045 quantum
1071 1986 1128 2043 ego
1159 1987 1216 2027 nec

262 2081 395 2138 agnosco
416 2081 472 2122 nec
493 2063 627 2140 postulo,
647 2063 727 2124 facis
748 2064 864 2139 amice3
893 2065 956 2139 sed,
976 2073 1013 2123 ut
1033 2063 1111 2122 mihi
1133 2064 1218 2123 vide-

263 2159 315 2234 ris,
341 2178 403 2218 non
431 2165 514 2219 recte
542 2160 661 2220 iudicas
690 2160 728 2219 de
753 2161 889 2236 Catone3
922 2167 976 2220 aut
1003 2161 1087 2220 enim
1114 2179 1216 2235 nemo,

263 2255 490 2334 quodquidam
510 2256 610 2333 magis
629 2257 729 2332 credo,
745 2263 808 2331 aut,
824 2256 851 2317 si
870 2257 1045 2335 quisquam,
1063 2256 1117 2316 ille
1137 2258 1218 2335 sapi-

212 2368 242 2414 to
263 2371 318 2413 ens
342 2353 414 2412 fuit.
466 2354 532 2424 Quo
557 2354 657 2427 modo,
682 2360 718 2412 ut
742 2354 805 2413 alia
832 2354 985 2428 omittam,
1011 2359 1140 2413 mortem
1169 2354 1217 2412 fili

263 2450 355 2510 tulit!
379 2450 580 2509 memineram
597 2450 741 2525 Paulum,
756 2451 895 2510 videram
913 2452 1037 2526 Galum,
1056 2452 1109 2511 sed
1129 2451 1163 2509 hi
1184 2452 1218 2510 in

263 2546 377 2623 pueris,
393 2547 470 2606 Cato
488 2546 522 2605 in
541 2548 682 2623 perfecto
701 2553 732 2606 et
752 2553 892 2625 spectato
907 2547 982 2606 viro.
1046 2546 1093 2608 10.
1116 2549 1215 2618 Quam

263 2643 302 2703 ob
317 2662 382 2701 rem
397 2661 471 2702 cave
485 2643 598 2704 Catoni
612 2650 783 2721 anteponas
797 2662 836 2702 ne
851 2643 946 2704 istum
962 2644 1088 2731 quidem
1104 2644 1217 2721 ipsum,

263 2758 355 2818 quem
378 2739 499 2817 Apollo,
517 2745 553 2799 ut
571 2740 627 2815 ais,
646 2741 913 2818 sapientissimum
932 2740 1100 2816 iudicavit;
1122 2740 1218 2800 huius

212 2855 242 2900 aa
264 2837 348 2896 enim
367 2837 461 2911 facta,
479 2836 566 2897 illius
585 2837 671 2897 diota
691 2837 867 2897 laudantur.
910 2838 958 2895 De
980 2856 1028 2896 me
1050 2842 1219 2912 autemut

263 2934 327 2994 iam
340 2952 411 2993 cum
425 2938 557 3011 utroque
571 2940 713 2993 vestrum
727 2934 845 3011 loquar,
861 2934 905 2994 sio
919 2933 1082 2993 habetote:

303 3031 367 3090 ΙΙΙ.
396 3031 464 3105 Ego
485 3030 512 3090 si
534 3030 690 3107 Scipionis
712 3031 866 3091 desiderio
887 3049 936 3090 me
958 3030 1075 3089 moveri
1096 3049 1219 3106 negem,

264 3146 358 3205 quam
379 3127 413 3186 id
435 3132 518 3187 recte
540 3127 664 3201 faciam,
686 3128 825 3187 viderint
847 3128 1023 3204 sapientes3
1055 3128 1110 3187 sed
1134 3133 1220 3187 certe
1313 3192 1314 3205 χ

264 3223 405 3284 mentiar.
449 3225 577 3283 Moveor
594 3225 678 3284 enim
698 3224 756 3284 tali
777 3224 877 3283 amico
898 3225 1033 3298 orbatus,
1052 3225 1164 3301 qualis,
1181 3230 1221 3284 ut
1313 3224 1314 3267 Τ

213 3335 243 3382 ³0
264 3320 407 3396 arbitror,
430 3340 521 3380 nemo
545 3340 694 3397 umquam
719 3322 787 3396 erit,
810 3327 847 3380 ut
871 3322 1054 3380 confirmare
1081 3341 1219 3398 possum,

264 3437 355 3478 nemo
382 3425 465 3478 certe
493 3418 572 3493 fnit3
607 3418 663 3478 sed
691 3438 753 3478 non
780 3437 855 3494 egeo
882 3419 1046 3493 medicina,
1072 3437 1121 3477 me
1149 3418 1220 3496 ipse

264 3513 415 3585 consolor,
432 3521 464 3573 et
479 3515 614 3574 maxime
632 3515 688 3574 illo
705 3515 828 3590 solacio,
844 3516 928 3592 quod
945 3535 980 3575 eo
998 3533 1100 3575 errore
1119 3534 1220 3591 caron,
