2667 3984
498 335 671 382 cunrrrns
692 335 772 389 1.,11.
1119 318 1139 381 3

130 504 235 580 gloria
259 504 415 564 excellens
441 504 479 562 de
503 503 643 563 amicitia
670 504 823 581 loquetur.
876 503 925 561 Tu
948 502 1043 561 velim
1071 520 1090 561 a

130 620 184 660 me
206 601 345 660 animum
367 619 534 678 parumper
555 605 688 674 avertas,
711 600 853 660 Laelium
875 599 962 677 loqui
985 599 1088 677 ipsum

130 704 236 776 putes.
280 699 312 759 (l.
330 697 469 757 Fannius
488 704 520 756 et
538 698 572 767 Q.
591 697 716 758 Mucius
737 697 778 757 ad
799 715 938 757 socerum
958 697 1089 756 veniunt

131 799 207 873 post
224 800 355 853 mortem
370 793 531 868 Africani,
555 794 594 853 ab
610 793 661 853 his
680 812 781 854 sermo
799 793 907 867 oritur,
922 793 1089 870 respondet

130 891 271 966 Laelius,
293 892 381 951 cuius
403 896 470 950 tota
493 890 665 969 disputatio
690 895 738 950 est
761 891 801 950 de
825 889 972 964 amicitia,
995 909 1087 968 quam
1123 903 1138 946 5

131 988 242 1065 legens
263 993 295 1047 te
316 987 384 1065 ipse
405 1006 578 1064 cognosces.

175 1085 220 1142 ΙΙ.
256 1084 283 1144 6.
314 1087 461 1143 Fannius.
489 1084 573 1143 Sunt
587 1084 657 1158 ista,
673 1083 779 1158 Laeli,
800 1102 858 1143 nec
876 1083 959 1142 enim
979 1083 1088 1142 melior

132 1181 184 1239 vir
204 1181 268 1240 fuit
288 1181 440 1240 Africano
462 1180 627 1258 quisquam
649 1199 706 1240 nec
728 1179 848 1239 clarior.
898 1180 961 1239 Sed
984 1180 1089 1239 existi-

132 1296 220 1337 mare
235 1278 328 1336 debes
343 1278 482 1336 omnium
496 1276 601 1337 oculos
616 1278 650 1335 in
667 1283 699 1336 te
716 1295 783 1336 esse
801 1276 956 1335 coniectos
973 1296 1086 1350 unum,

132 1380 167 1434 te
186 1375 359 1450 sapientem
373 1380 406 1433 et
420 1373 580 1451 appellant
597 1379 629 1433 et
646 1373 836 1433 existimant.
880 1373 1088 1455 Tribuebatur
1110 1387 1138 1431 10

131 1471 194 1530 hoc
215 1472 306 1529 modo
326 1471 369 1528 M.
390 1470 510 1545 Catoni,
528 1470 643 1530 scimus
664 1471 699 1528 L.
719 1469 857 1529 Acilium
878 1471 963 1546 apud
983 1475 1087 1547 patres

132 1573 258 1627 nostros
280 1567 472 1644 appellatum
495 1585 563 1627 esse
586 1567 768 1645 sapientem,
791 1566 847 1627 sed
870 1573 1001 1644 uterque
1025 1567 1087 1625 alio

132 1650 271 1741 quodam
284 1664 385 1738 modo,
400 1662 532 1738 Acilius,
547 1663 622 1741 quia
636 1664 773 1741 prudens
787 1681 855 1723 esse
869 1663 903 1722 in
917 1664 984 1722 iure
1000 1662 1087 1722 civili

132 1761 314 1839 putabatur,
330 1761 416 1834 Cato,
432 1760 506 1837 quia
520 1761 690 1820 multarum
705 1779 808 1819 rerum
825 1779 916 1819 usum
934 1760 1086 1834 habebat3

132 1857 236 1916 multa
258 1857 325 1917 eius
348 1863 381 1916 et
402 1857 436 1915 in
458 1863 569 1916 senatu
591 1864 623 1916 et
647 1857 681 1915 in
705 1857 773 1916 foro
794 1856 845 1915 vel
869 1856 995 1934 provisa
1019 1876 1088 1934 pru·
1110 1872 1138 1915 15

133 1954 246 2023 denter
268 1953 319 2012 vel
343 1959 413 2013 acta
437 1958 615 2013 constanter
639 1953 690 2013 vel
718 1972 867 2031 responsa
894 1959 983 2012 acute
1011 1954 1088 2012 fere-

133 2051 265 2125 bantur,
298 2055 463 2127 propterea
487 2050 577 2127 quasi
604 2068 774 2125 cognomen
801 2050 865 2109 iam
893 2050 1027 2109 habebat
1054 2049 1087 2109 in

134 2152 295 2206 senectute
323 2146 482 2225 sapientis.
540 2148 583 2205 Te
612 2153 718 2206 autem
746 2147 808 2206 alio
835 2147 969 2223 quodam
997 2147 1088 2206 modo

134 2262 199 2302 non
218 2244 319 2303 solum
339 2250 451 2303 natura
469 2249 502 2302 et
521 2244 666 2318 moribus,
685 2262 793 2302 rerum
815 2243 907 2303 etiam
931 2243 1035 2303 studio
1056 2251 1087 2303 et

135 2339 279 2399 doctrina
296 2358 363 2400 esse
382 2339 565 2418 sapientem,
580 2359 637 2399 nec
656 2339 739 2400 sicut
756 2340 878 2416 vulgus,
895 2340 950 2400 sed
968 2345 1004 2399 ut
1023 2359 1088 2400 eru-
1109 2357 1138 2400 20

135 2434 197 2495 diti
226 2436 328 2496 solent
354 2437 513 2514 appellare
542 2436 724 2514 sapientem,
753 2438 876 2514 qualem
906 2437 939 2495 in
968 2437 1089 2514 reliqua

136 2533 269 2594 Graecia
295 2533 450 2593 neminem
483 2532 509 2594 7.
534 2533 618 2611 (nam
648 2534 702 2610 qui
731 2539 849 2612 septem
879 2533 1086 2611 appellantur,

136 2648 197 2704 eos,
222 2629 277 2706 qui
301 2629 364 2689 ista
388 2629 535 2690 subtilius
563 2636 726 2708 quaerunt,
751 2630 785 2688 in
812 2648 941 2689 numero
970 2631 1088 2707 sapien-

135 2725 216 2785 tium
237 2746 300 2786 non
320 2725 461 2808 habent),
482 2726 616 2787 Athenis
638 2747 735 2786 unum
757 2727 942 2804 accepimus,
964 2733 996 2786 et
1017 2746 1087 2786 eum

136 2823 263 2901 quidem
282 2823 378 2883 etiarn
397 2822 556 2901 Apollinis
576 2824 700 2882 oraculo
722 2823 988 2901 sapientissimum
1011 2823 1089 2882 iudi·
1109 2838 1138 2882 25

135 2925 257 2996 catum,
292 2921 373 2979 hanc
401 2939 469 2980 esse
496 2920 530 2978 in
557 2925 588 2979 te
617 2919 804 2998 sapientiam
832 2919 1023 2994 existimant,
1052 2927 1089 2980 ut

136 3017 241 3077 omnia
259 3022 315 3077 tua
333 3017 366 3075 in
385 3023 417 3076 te
436 3017 539 3095 posita
557 3035 625 3077 esse
646 3017 741 3077 ducas
762 3016 976 3094 humanosque
997 3035 1087 3079 casus

135 3113 253 3173 virtute
280 3113 445 3174 inferiores
475 3120 574 3192 putes.
630 3114 743 3192 Itaque
774 3132 813 3173 ex
844 3132 893 3173 me
924 3120 1087 3192 quaerunt,

136 3211 228 3270 credo
252 3230 291 3269 ex
315 3211 373 3270 hoc
398 3210 473 3270 item
499 3210 655 3285 Scaevola,
681 3229 816 3288 quonam
840 3217 932 3288 pacto
956 3217 1087 3270 mortem

136 3307 280 3366 Africani
308 3308 401 3382 feras,
430 3326 527 3385 eoque
556 3306 665 3383 magis,
694 3309 777 3384 quod
806 3308 958 3385 proximis
986 3309 1088 3369 Nonis
1110 3323 1139 3370 30

136 3423 206 3464 cum
228 3404 261 3463 in
281 3403 388 3464 hortos
408 3405 446 3463 D.
469 3404 561 3463 Bruti
583 3403 709 3481 auguris
732 3404 962 3464 commentandi
985 3423 1087 3479 causa,

135 3507 172 3561 ut
196 3501 320 3576 assolet,
341 3501 544 3576 venissemus,
565 3507 601 3560 tu
625 3521 688 3561 non
712 3501 854 3577 adfuisti,
878 3501 932 3580 qui
960 3501 1089 3578 diligen·
