2667 3984
460 296 601 347 matius
621 296 666 345 DE
687 297 840 346 amorim

198 466 354 528 11116166
372 467 535 547 impediat,
554 474 717 540 16110661,
737 468 815 545 quin
830 485 875 542 eo,
895 487 957 546 quo
972 468 1149 542 consuevit,

198 564 350 625 libentius
372 570 480 625 utatur
497 584 591 642 quarn
612 564 784 624 intractato
803 571 836 625 et
856 584 947 625 novo.
992 567 1059 625 Nec
1076 585 1153 625 vero

199 662 233 721 in
254 661 321 737 hoc,
340 662 424 742 quod
443 668 493 721 est
513 662 641 735 animal,
660 662 716 722 sed
736 662 771 721 in
787 663 834 722 eis
849 663 955 736 etiam,
975 681 1054 740 quae
1077 671 1153 722 sunt

198 759 348 835 inanima,
374 759 567 821 cousuetudo
588 758 684 835 valet,
710 779 781 820 cum
806 759 885 820 locis
912 760 991 838 ipsis
1016 760 1153 820 delecte·

146 869 162 915 t
198 876 276 932 mur,
295 851 476 917 montuosis
492 857 590 917 etiam
611 862 644 917 et
664 856 877 934 silvestribus,
897 858 1061 936 inquibus
1082 858 1153 918 diu·

197 954 263 1015 tius
278 954 461 1015 commorati
477 972 594 1014 sumus.

237 1049 288 1112 69.
314 1051 375 1110 Sed
395 1050 568 1112 maximum
588 1056 637 1111 est
657 1050 691 1110 in
705 1051 848 1111 amicitia
864 1070 972 1128 parem
986 1070 1055 1111 esse
1070 1050 1153 1110 infe·

198 1148 285 1207 riori.
332 1148 431 1226 Saepe
446 1148 531 1207 euim
546 1146 754 1208 excellentiae
772 1149 925 1226 quaedam
943 1154 1026 1223 sunt,
1045 1149 1153 1226 qualis

198 1249 267 1305 erat
288 1244 447 1323 Scipionis
469 1245 500 1303 iu
521 1251 637 1318 nostro,
656 1249 693 1304 ut
713 1245 759 1305 ita
773 1246 885 1321 dicam,
904 1264 1007 1322 grege.
1052 1245 1153 1304 Num·

148 1353 177 1399 10
198 1360 293 1418 quam
321 1359 354 1400 se
384 1340 439 1400 ille
468 1341 572 1414 Philo,
605 1360 776 1419 numquam
805 1341 945 1419 Rupilio,
979 1361 1152 1419 numquam

199 1438 352 1497 Mummio
367 1438 557 1516 anteposuit,
573 1457 746 1517 numquam
762 1438 924 1498 inferioris
936 1438 1058 1498 ordinis
1074 1440 1152 1498 ami·

198 1535 254 1609 cis,
275 1535 311 1606 Q.
329 1553 403 1594 vero
425 1534 602 1594 Maximum
624 1535 765 1611 fratrem,
784 1535 945 1613 egregium
961 1535 1065 1595 virum
1087 1555 1152 1594 om·

198 1632 283 1706 uin0,
303 1631 365 1691 sibi
380 1649 578 1709 nequaquam
593 1649 709 1710 parem,
728 1632 813 1710 quod
830 1632 858 1691 is
876 1632 1018 1692 anteibat
1034 1638 1148 1705 aetate,

198 1734 359 1807 tamquam
381 1729 576 1806 superiorem
597 1728 721 1788 colebat
742 1747 878 1807 suosque
902 1747 1012 1788 omnes
1037 1748 1093 1807 per
1118 1748 1152 1788 66

149 1839 177 1884 11
198 1844 289 1902 posse
311 1844 379 1885 esse
400 1825 569 1904 ampliores
587 1825 723 1886 volebat.
789 1824 838 1887 ⁷0.
864 1825 952 1896 Quod
970 1825 1151 1886 faciendum

201 1923 451 2000 imitandumque
466 1928 515 1983 est
530 1922 685 1996 omuibus,
704 1928 749 1997 ut,
768 1922 907 2000 siquam
923 1923 1151 2000 praestantiam

199 2020 339 2094 virtutis,
366 2019 483 2095 ingeni,
510 2019 655 2079 fortunae
677 2019 837 2079 consecuti
865 2019 939 2094 sint,
967 2019 1153 2097 impertiant

199 2136 236 2177 ea
250 2118 316 2177 suis
331 2116 625 2194 communicentque
640 2135 711 2175 cum
726 2116 890 2194 proximis,
904 2120 950 2191 ut,
969 2116 997 2175 si
1013 2116 1152 2194 parenti-

199 2213 256 2273 bus
271 2214 341 2273 nati
361 2213 427 2272 sint
446 2213 629 2288 humilibus,
649 2213 679 2273 si
694 2212 888 2291 propinquos
904 2213 1040 2273 habeant
1056 2214 1152 2273 imbe-

149 2309 523 2371 10011110161611111110
546 2310 597 2369 vel
618 2310 755 2384 fortuna,
782 2328 889 2370 eorum
915 2317 1051 2387 augeant
1075 2329 1151 2388 opes

199 2408 308 2485 eisque
330 2406 443 2466 honori
465 2407 584 2467 611161
607 2406 768 2484 dignitati.
816 2408 863 2466 Ut
885 2407 919 2466 in
941 2407 1069 2481 fabulis
1096 2408 1152 2485 qui

199 2504 397 2582 aliquamdiu
412 2509 540 2580 propter
556 2503 785 2581 ignorationem
802 2503 913 2582 stirpis
929 2509 961 2565 61
978 2504 1103 2580 generis
1119 2504 1153 2563 in

200 2601 357 2662 famulatu
372 2600 510 2673 fuerunt,
526 2619 596 2660 cum
612 2601 732 2678 cogniti
748 2605 822 2661 sunt
836 2606 869 2661 et
883 2607 938 2661 aut
953 2602 1082 2661 deorum
1097 2607 1153 2660 aut

200 2717 308 2775 regum
330 2697 391 2756 filii
413 2696 545 2772 inventi,
566 2698 706 2758 retinent
726 2703 832 2758 tamen
850 2698 1014 2758 caritatem
1034 2699 1067 2758 in
1082 2717 1152 2775 pas·

149 2813 178 2859 ac
200 2806 293 2871 tores,
312 2813 390 2873 quos
405 2800 510 2872 patres
526 2795 642 2855 multos
658 2814 756 2855 annos
771 2814 839 2855 esse
854 2795 1022 2855 duxerunt.
1063 2795 1153 2865 Quod

200 2898 249 2952 est
269 2892 370 2952 multo
392 2891 534 2969 profecto
556 2893 656 2969 magis
680 2893 713 2951 in
728 2893 812 2952 veris
829 2893 973 2970 patribus
993 2893 1152 2969 certisque

200 2990 390 3050 faciendum.
436 2989 569 3049 Fructus
591 2989 677 3048 enim
701 2989 808 3068 ingeni
830 2996 862 3050 et
883 2990 1014 3050 virtutis
1036 2989 1152 3049 omnis-

200 3106 261 3165 que
276 3086 488 3163 praestantiae
502 3092 570 3146 tum
586 3087 743 3147 maximus
760 3088 894 3166 capitur,
913 3106 983 3147 cum
999 3088 1032 3146 in
1048 3085 1152 3164 proxi·

200 3203 286 3243 mum
307 3202 462 3261 quemque
483 3183 653 3243 confertur.

150 3298 180 3343 30
241 3281 314 3340 XX.
347 3279 395 3342 71.
422 3281 469 3339 Ut
491 3279 589 3355 igitur
610 3282 649 3355 ci,
672 3282 728 3359 qui
749 3288 825 3341 sunt
846 3283 879 3340 in
901 3281 1061 3341 amicitiae
1081 3298 1152 3340 con·

202 3376 436 3454 iunctionisque
458 3377 694 3437 necessitudine
716 3379 902 3456 superiores,
924 3395 1099 3455 exaequare
1119 3396 1152 3436 se

201 3495 269 3535 cum
294 3473 498 3533 inferioribus
520 3474 644 3546 debent,
665 3476 710 3533 sic
731 3475 898 3534 inferiores
918 3495 982 3535 non
1000 3475 1104 3534 dolere
1119 3492 1152 3533 66
