2667 3984
140 280 182 346 26
453 295 595 345 memus
615 295 660 343 me
681 295 833 344 amoma

188 464 350 525 amicitiae
372 465 532 526 sordidum
559 456 761 540 existiment,
779 464 835 524 ubi
856 483 909 525 eos
932 464 1141 540 inveniemus

190 562 247 640 qui
267 563 409 636 honores,
438 563 653 639 magistratus,
685 561 826 640 imperia,
856 567 1039 640 potestates,
1068 582 1145 640 opes

189 658 349 719 amicitiae
374 678 438 719 non
461 665 664 737 anteponant,
694 664 738 733 ut,
768 678 839 718 cum
863 677 903 717 ex
928 658 1029 719 altera
1053 666 1145 737 parte

190 756 352 834 proposita
366 756 441 816 haec
456 757 530 831 siut,
546 775 585 815 ex
600 754 702 817 altera
716 755 766 815 ins
780 755 951 831 amicitiae,
967 774 1028 814 non
1044 756 1147 817 multo

139 866 154 910 c
191 852 249 913 illa
269 852 403 914 malint?
447 853 614 913 Imbecilla
634 852 719 912 enim
741 858 791 912 est
811 858 926 912 natura
946 853 986 911 ad
1007 860 1146 913 contem·

190 950 323 1009 nendam
346 950 535 1028 potentia1n3
569 968 662 1028 quam
686 949 813 1009 etiamsi
836 950 980 1027 neglecta
1001 950 1146 1010 amicitia

190 1047 351 1107 consecuti
372 1046 447 1119 sint,
469 1047 669 1107 obscuratum
691 1046 733 1106 iri
755 1046 959 1122 arbitrantur,
984 1047 1145 1124 quianon

191 1144 260 1205 sine
275 1163 388 1220 magna
401 1162 495 1203 causa
514 1144 557 1204 sit
577 1143 721 1220 neglecta
735 1143 888 1203 amicitia.
954 1143 1004 1205 64.
1030 1144 1145 1222 Itaque

190 1260 282 1301 verae
306 1241 465 1301 amicitiae
480 1240 667 1300 difficillime
689 1241 891 1318 reperiuntur
909 1241 943 1300 in
962 1241 1018 1315 eis,
1038 1241 1145 1318 quiin

141 1351 170 1397 10
191 1338 362 1398 honoribus
385 1357 479 1415 reque
502 1337 629 1416 publica
650 1343 831 1412 versantur5
861 1339 916 1398 uhi
938 1339 1022 1397 enim
1046 1339 1145 1398 istum

192 1435 345 1508 invenias,
364 1435 419 1512 qui
442 1435 593 1493 honorem
614 1433 709 1494 amici
731 1440 902 1512 anteponat
923 1437 1000 1495 suo?
1041 1435 1146 1505 Quid?

191 1532 268 1592 haec
281 1539 317 1591 ut
331 1532 485 1605 omittam,
505 1551 599 1608 quam
619 1549 740 1607 gravae,
759 1550 853 1609 quam
869 1531 1016 1591 difficiles
1031 1531 1145 1609 pleris-

191 1648 252 1707 que
268 1628 416 1689 videntur
431 1628 647 1687 calamitatum
663 1628 846 1687 societates!
869 1628 909 1688 ad
925 1648 1002 1706 quas
1018 1635 1145 1688 nonest

191 1726 286 1786 facile
312 1725 444 1784 inventu
465 1725 520 1803 qui
543 1725 744 1784 descendant.
799 1726 994 1803 Quamquam
1019 1724 1144 1785 Ennius

142 1836 170 1881 lt
191 1828 290 1882 recte:

393 1921 505 1972 Amicus
517 1928 606 1972 certus
620 1923 648 1973 In
660 1937 688 1972 re
701 1923 803 1973 incerta
814 1922 940 1984 cernitur,

191 2116 298 2171 tamen
325 2110 402 2169 hacc
430 2109 491 2168 duo
520 2108 663 2168 levitatis
689 2115 722 2168 et
750 2108 948 2169 infirmitatis
976 2109 1144 2187 plerosque

191 2207 397 2267 convincunt:
423 2212 479 2265 aut
504 2205 538 2264 in
562 2206 653 2265 bonis
679 2207 771 2266 rebus
800 2212 1006 2266 contemnunt
1029 2212 1085 2266 aut
1110 2207 1144 2265 in

191 2304 284 2364 malis
300 2305 457 2363 deserunt.

140 2416 170 2462 20
231 2401 355 2462 XVIII.
387 2400 449 2471 Qui
464 2399 563 2476 igitur
576 2404 710 2477 utraque
733 2399 766 2459 in
789 2419 822 2459 re
844 2418 980 2476 gravem,
998 2405 1143 2460 constan·

191 2505 265 2572 tem,
291 2497 438 2557 stabilem
467 2515 500 2555 se
528 2497 561 2554 in
589 2497 733 2557 amicitia
760 2496 968 2575 praestiterit,
993 2497 1076 2556 hunc
1103 2514 1143 2555 ex

191 2596 326 2656 maxime
352 2613 422 2653 raro
447 2612 559 2670 genere
582 2593 747 2654 hominnm
773 2594 912 2654 iudicare
937 2593 1086 2653 debemus
1111 2599 1144 2652 et

191 2711 289 2770 paene
311 2690 430 2751 divine.

133 2850 135 2853 ,
232 2789 281 2851 65.
308 2789 556 2848 Firmamentum
581 2792 686 2846 autem
715 2787 904 2847 stabilitatis
933 2787 1143 2847 constantiae·

141 2901 169 2947 25
191 2906 252 2965 que
281 2887 358 2958 eius,
391 2904 485 2962 quam
515 2884 548 2942 in
576 2884 719 2944 amicitia
748 2884 938 2961 quaerimus,
970 2883 1048 2943 fides
1077 2889 1142 2957 est;

191 2983 275 3043 nihil
294 2989 343 3042 est
361 2983 446 3041 enim
461 2981 585 3055 stabile,
605 2982 690 3058 quod
705 2981 838 3041 infidum
853 2987 911 3040 θεῖ.
958 2980 1143 3058 Simplicem

191 3086 354 3160 praeterea
372 3085 404 3137 et
423 3097 617 3138 communem
639 3084 672 3137 et
693 3078 953 3150 consentientem,
972 3077 1005 3136 id
1023 3077 1143 3154 estqui

191 3179 283 3237 rebus
305 3177 404 3236 isdem
423 3180 594 3247 moveatur,
614 3173 692 3250 eligi
711 3194 768 3252 par
782 3181 839 3249 est,
859 3193 939 3252 quae
954 3175 1060 3233 omnia
1074 3193 1143 3250 per·

192 3274 296 3335 tinent
317 3274 357 3333 ad
378 3272 566 3332 fidelitatem
573 3295 580 3347 ;
603 3291 705 3350 neque
727 3272 811 3330 enim
830 3271 927 3330 fidum
949 3276 1143 3349 potestesse

141 3385 171 3431 30
192 3370 361 3447 multiplex
388 3370 548 3445 ingenium
575 3378 607 3428 et
631 3374 818 3441 tortuosum,
847 3387 948 3445 neque
973 3387 1058 3442 vero,
1087 3368 1144 3444 qui

192 3487 254 3526 non
280 3468 379 3524 isdem
405 3466 497 3525 rebus
523 3471 666 3524 movetur
691 3471 866 3543 naturaque
892 3465 1059 3535 consentit,
1087 3470 1144 3523 aut
