2667 3984
521 309 695 358 CHAPTERS
715 307 883 359 ucri-mx.
1161 293 1202 361 27

200 480 282 541 fidus
299 485 354 540 aut
375 479 500 540 stabilis
520 485 626 557 potest
639 497 718 538 esse.
763 478 953 538 Addendum
968 478 1076 538 eodem
1090 484 1149 555 est,

200 585 290 638 utne
310 577 496 638 criminibus
516 581 571 636 aut
595 575 769 636 inferendis
786 576 961 636 delectetur
976 584 1030 636 ant
1045 577 1153 637 credat

200 675 326 749 oblatis,
345 693 425 752 quae
447 674 609 751 pertinent
629 673 736 732 omnia
755 675 889 746 adeam,
908 693 1002 751 quam
1018 675 1081 733 iam
1096 675 1152 734 du·

200 772 275 832 dum
296 777 406 844 tracto,
428 767 648 830 constantiam.
696 770 747 830 Ita
768 770 805 829 fit
826 789 935 830 verum
957 769 1049 847 illud,
1068 772 1153 848 quod

200 869 295 928 initio
327 868 405 943 dixi,
437 867 612 927 amicitiam
645 867 709 927 nisi
745 867 828 927 iuter
861 869 959 928 bonos
989 886 1057 928 esse
1088 887 1153 928 non
1187 881 1202 925 5

199 984 300 1044 posse.
345 966 405 1024 Est
424 965 509 1024 enim
529 964 603 1024 boni
619 964 691 1038 viri,
711 982 804 1042 quem
824 965 957 1024 eundem
976 965 1151 1042 sapientem

199 1061 276 1122 licet
296 1062 408 1137 dicere,
427 1062 504 1121 haec
519 1062 580 1121 duo
599 1066 707 1121 111111
727 1061 761 1120 11
780 1061 937 1121 amicitia:
960 1063 1097 1139 primum
1111 1082 1151 1122 11

200 1159 277 1236 quid
289 1159 396 1219 fictum
408 1158 451 1219 sit
462 1177 541 1217 1111
552 1158 752 1233 simulatum3
770 1162 877 1236 aperte
889 1158 973 1217 enirn
983 1158 1035 1217 vel
1046 1159 1151 1220 odisse

200 1256 300 1332 magis
316 1255 446 1332 ingenui
461 1264 511 1314 111
530 1274 623 1333 quam
646 1256 751 1314 fronte
771 1255 929 1316 occultare
944 1256 1148 1330 sententiam

199 1353 313 1412 deinde
333 1372 396 1412 non
416 1352 517 1411 solum
537 1353 576 1412 ab
591 1352 700 1429 aliquo
720 1352 835 1412 allatas
851 1351 1088 1412 criminationes
1103 1372 1150 1413 re·
1173 1366 1201 1411 10

199 1449 326 1527 pellere,
346 1450 400 1509 sed
423 1468 461 1508 ne
478 1450 581 1526 ipsum
592 1450 726 1527 vquidem
743 1466 812 1508 esse
833 1449 1051 1527 suspiciosum,
1071 1469 1150 1509 sem·

199 1565 255 1624 per
283 1546 407 1623 aliquid
435 1546 671 1605 existimantem
697 1546 737 1605 ab
760 1546 861 1605 amico
890 1565 957 1606 esse
983 1547 1146 1607 violatum.

199 1642 248 1704 66.
274 1642 412 1703 Accedat
431 1642 492 1702 huc
507 1643 648 1702 suavitas
664 1642 818 1719 quaedam
833 1649 958 1720 oportet
972 1662 1150 1703 sermonum

199 1747 294 1817 atque
316 1758 446 1811 morum,
472 1739 716 1817 haudquaquam
737 1739 893 1799 mediocre
914 1740 1149 1801 condimentum

199 1836 368 1896 amicitiae.
421 1836 570 1896 Tristitia
590 1841 696 1895 autem
717 1842 750 1895 et
773 1836 806 1896 11
829 1836 913 1895 omni
940 1856 972 1895 11
997 1838 1149 1897 severitas
1173 1851 1201 1895 15

198 1933 295 1993 habet
315 1932 374 1993 1111
390 1933 518 2010 quidem
540 1933 739 2009 gravitatem,
759 1933 814 1993 sed
831 1933 974 1993 amicitia
988 1935 1150 1994 remissior

198 2048 267 2089 esse
282 2030 375 2090 debet
394 2035 426 2089 et
447 2030 578 2089 liberior
596 2037 628 2089 et
643 2030 766 2089 dulcior
781 2036 813 2090 et
827 2031 868 2090 ad
882 2049 1005 2089 ornnem
1020 2032 1149 2091 comita·

198 2135 263 2186 tem
279 2126 529 2204 facilitatemque
544 2126 726 2205 proclivior.

240 2224 329 2284 XIX.
358 2222 407 2285 67.
428 2224 568 2284 1111111111
579 2230 685 2284 autem
697 2224 754 2283 hoc
767 2223 834 2283 loco
844 2224 997 2302 quaedam
1006 2226 1149 2302 quaestio

198 2320 410 2397 subdifficilis,
429 2340 502 2380 num
522 2319 648 2398 quando
667 2321 762 2380 amici
782 2321 866 2393 novi,
885 2321 975 2397 digni
994 2322 1145 2398 amicitia,
1166 2334 1201 2382 ¹20

198 2417 359 2478 veteribus
381 2418 447 2477 sint
468 2418 690 2495 anteponendi,
715 2423 751 2477 ut
772 2418 864 2495 equis
886 2418 1003 2477 vetulis
1024 2424 1149 2479 teneros

198 2520 388 2593 anteponere
400 2514 547 2574 solemus.
583 2515 721 2591 Indigna
732 2514 858 2574 homine
871 2514 1043 2574 dubitatio!
1076 2517 1149 2575 Non

198 2611 284 2670 enim
306 2612 422 2671 debent
444 2630 512 2671 esse
537 2611 750 2671 amicitiarum
777 2611 860 2671 sicut
884 2611 1019 2671 aliarum
1045 2632 1147 2672 rerum

198 2708 377 2782 satietates3
401 2708 570 2768 veterrima
583 2727 735 2785 quaeque,
749 2713 785 2767 ut
799 2726 836 2767 ea
850 2708 933 2782 vina,
950 2727 1029 2786 quae
1045 2715 1149 2769 vetus·

197 2810 296 2865 tatem
316 2805 433 2879 ferunt,
451 2823 520 2864 esse
537 2804 630 2865 debet
650 2804 853 2879 suavissima,
877 2824 1047 2883 verumque
1068 2806 1149 2865 illud
1170 2819 1201 2867 25

197 2907 255 2976 est,
275 2902 359 2979 quod
374 2901 500 2976 dicitur,
520 2900 637 2961 multos
657 2902 778 2962 modios
799 2902 876 2961 salis
896 2902 993 2961 simul
1012 2902 1149 2962 edendos

197 3016 275 3073 1111,
301 3004 337 3058 11
357 2998 517 3058 amicitiae
539 3017 652 3057 munus
675 2998 836 3076 expletum
858 2999 911 3059 sit.
975 2999 1025 3060 68.
1050 3001 1149 3061 Novi·

196 3101 280 3155 tates
302 3102 407 3155 autem
428 3094 457 3155 si
478 3113 565 3172 spem
588 3094 735 3169 afferunt,
754 3102 790 3155 ut
811 3102 972 3173 tamquam
990 3097 1024 3154 in
1042 3097 1149 3157 herbis

197 3209 259 3249 non
275 3191 444 3251 fallacibus
460 3192 581 3251 fructus
594 3197 753 3269 appareat,
770 3211 832 3252 non
847 3198 921 3252 sunt
933 3193 1008 3253 illae
1021 3194 1147 3271 quidem

197 3288 419 3365 repudiandae,
447 3293 590 3348 vetustas
616 3296 722 3348 tamen
747 3308 804 3349 suo
828 3290 897 3350 loco
920 3292 1146 3365 conservanda3
1170 3307 1199 3353 30

197 3385 336 3444 maxima
362 3390 412 3445 est
439 3385 525 3445 euim
552 3386 603 3444 vis
634 3387 802 3446 vetustatis
833 3394 865 3446 et
896 3388 1144 3447 consuetudinis.

196 3480 279 3551 Quin
302 3482 427 3561 inipso
453 3501 542 3561 equo,
571 3483 662 3542 cuius
688 3483 779 3542 modo
804 3483 868 3543 feci
891 3484 1093 3559 mentionem,
1119 3485 1148 3544 si
