2667 3984
452 377 625 426 enarrans
645 378 861 433 xxm.‚xx1v.
1113 363 1155 427 35

194 548 313 609 XXIV.
346 547 408 607 Sed
426 565 496 605 cum
516 551 565 605 tot
584 544 686 622 signis
703 546 810 606 eadem
825 551 938 606 natura
952 546 1112 621 declaret,

153 646 232 725 quid
251 644 340 719 velit,
359 643 516 721 anquirat,
535 642 703 718 desideret,
724 648 830 703 tamen
849 643 1116 704 obsurdescimus·

153 742 260 803 nescio
281 761 343 821 quo
365 741 456 800 modo
478 759 535 801 nec
556 759 601 814 ea,
621 759 701 818 quae
718 739 758 799 ab
774 758 812 799 ea
826 759 996 813 monemur,
1015 741 1104 801 audi·

153 858 233 900 mus.
280 839 339 899 Est
356 837 440 897 enim
459 836 567 896 varius
589 842 621 897 et
642 836 812 915 multiplex
833 856 910 896 usus
929 838 1099 912 amicitiae,

153 937 334 1014 multaeque
356 953 467 995 causae
490 933 707 1012 suspicionum
731 933 1003 1012 offensionumque
1028 934 1103 994 dan·
1138 947 1154 991 o

153 1038 214 1109 tur,
239 1051 316 1111 quas
338 1037 405 1092 tum
427 1030 557 1107 evitare,
581 1035 648 1091 tum
670 1030 803 1105 elevare,
826 1028 893 1091 tum
915 1032 998 1090 ferre
1020 1032 1103 1110 sapi-

152 1130 238 1191 entis
270 1134 333 1204 est,
375 1146 439 1188 una
470 1127 529 1188 illa
559 1127 722 1188 subeunda
752 1128 885 1188 offensio
912 1134 969 1204 est,
1001 1134 1038 1188 ut
1070 1134 1104 1189 ot

152 1227 280 1287 utilitas
302 1226 335 1285 in
356 1224 500 1286 amicitia
520 1230 553 1285 et
573 1225 651 1285 fides
673 1224 864 1285 retineatur:
891 1244 963 1285 nam
984 1232 1018 1285 et
1038 1244 1102 1285 mo·

153 1323 250 1384 nendi
275 1322 369 1383 amici
390 1340 483 1399 saepe
504 1328 579 1382 sunt
599 1327 632 1381 et
652 1321 849 1398 obiurgandi,
874 1329 907 1382 et
928 1322 1004 1382 haec
1023 1323 1103 1383 acci·

152 1421 270 1499 pienda
289 1418 398 1491 amice,
417 1438 488 1478 curn
509 1418 661 1479 benevole
682 1418 773 1478 fiunt.
798 1495 801 1501 ,
839 1418 888 1479 89.
915 1419 976 1479 Sed
997 1418 1103 1481 nescio
1125 1433 1155 1478 10

154 1537 216 1596 quo
230 1517 322 1577 modo
336 1535 445 1575 verum
458 1517 518 1590 est,
537 1515 621 1594 quod
639 1514 673 1573 in
688 1515 811 1576 Andria
830 1515 1001 1577 familiaris
1015 1534 1103 1576 meus

153 1613 249 1675 dicit:

334 1716 500 1779 Obsequium
511 1715 622 1778 amicos,
632 1715 732 1767 veritas
741 1715 835 1766 odium
845 1716 925 1780 parit.

154 1902 291 1962 Molesta
305 1901 433 1977 veritas,
452 1900 609 1978 siquidem
624 1920 663 1960 ex
678 1919 716 1960 ea
729 1900 871 1961 nascitur
884 1901 1001 1977 odium,
1020 1904 1106 1981 quod

154 2005 203 2060 est
221 2018 376 2058 venenum
397 1997 566 2073 amicitiae,
587 1998 643 2058 sed
664 1997 850 2076 obsequium
871 1999 973 2058 multo
994 1999 1105 2061 moles·
1127 2013 1156 2057 15

154 2097 229 2171 tius,
259 2095 344 2173 quod
371 2094 509 2172 peccatis
539 2094 707 2171 indulgens
736 2095 942 2173 praecipitem
968 2097 1106 2157 amioum

155 2193 234 2253 ferri
255 2191 348 2267 sinit;
365 2180 509 2251 ‘maxima
529 2197 635 2251 autem
658 2191 752 2269 culpa
773 2192 806 2251 in
828 2211 874 2265 eo,
894 2193 949 2270 qui
971 2198 1003 2253 et
1024 2194 1105 2253 veri·

154 2294 252 2350 tatem
272 2295 458 2367 aspernatur
476 2294 509 2348 et
528 2287 561 2347 in
581 2288 725 2348 fraudem
744 2289 895 2367 obsequio
915 2289 1102 2367 impellitur.

156 2386 252 2448 Omni
278 2384 376 2462 igitur
401 2385 459 2445 hac
485 2385 519 2444 in
545 2404 578 2445 re
603 2385 748 2445 habenda
772 2385 854 2446 ratio
879 2391 912 2445 et
936 2386 1107 2463 diligentia

155 2488 214 2556 ost,
245 2482 383 2560 primum
410 2488 447 2542 ut
474 2481 608 2542 monitio
636 2482 818 2558 acerbitate,
848 2482 961 2542 deinde
989 2488 1026 2542 ut
1054 2484 1105 2544 ob·
1127 2497 1158 2542 ιο

156 2579 293 2656 iurgatio
312 2578 504 2639 contumelia
522 2584 641 2653 careat3
669 2578 702 2638 in
722 2578 873 2657 obsequio
894 2586 1009 2655 autem,
1031 2600 1106 2659 quo·

156 2676 242 2736 niam
253 2675 443 2735 Terentiano
457 2675 553 2735 verbo
568 2675 705 2735 libenter
718 2675 847 2749 utimur,
863 2676 994 2736 comitas
1008 2677 1102 2752 adsit,

156 2772 338 2846 assentatio,
357 2772 508 2831 vitiorum
523 2772 675 2845 adiutrix,
694 2773 804 2851 procul
819 2779 1008 2849 amoveatur,
1026 2793 1107 2852 quae

156 2888 220 2930 non
245 2870 338 2928 modo
364 2869 474 2943 amico,
500 2869 555 2928 sed
580 2888 619 2928 ne
644 2869 746 2929 libero
771 2870 897 2947 quidem
924 2870 1022 2946 digna
1042 2878 1105 2946 est;

156 2966 252 3026 aliter
273 2965 358 3025 enim
379 2985 449 3025 cum
470 2971 615 3043 tyranno,
641 2966 737 3025 aliter
758 2985 827 3025 cum
849 2967 951 3026 amico
971 2967 1103 3028 vivitur.
1129 2982 1159 3027 2¹5

156 3061 207 3124 90.
236 3061 334 3122 (luins
356 3066 462 3122 autern
483 3080 574 3125 aures
596 3061 721 3122 clausae
743 3062 873 3122 veritati
898 3069 982 3139 sunt,
1008 3072 1044 3124 ut
1068 3064 1108 3124 ab

157 3157 257 3219 amico
271 3177 381 3218 verum
400 3158 509 3218 audire
528 3164 674 3237 nequeat,
693 3159 788 3218 huius
808 3159 894 3219 salus
913 3160 1109 3238 desperanda

98 3274 100 3278 ⁴
157 3261 215 3316 est.
261 3255 381 3315 Scitum
404 3261 453 3314 est
473 3254 557 3314 enim
581 3255 661 3315 illud
685 3256 824 3332 Catonis,
842 3261 879 3316 ut
897 3257 1011 3317 multa:
1035 3258 1108 3319 ‘mc-

157 3357 218 3412 liuc
240 3356 276 3412 de
299 3355 481 3428 quibusdam
505 3355 626 3413 acerbos
652 3356 792 3413 inimicos
813 3358 922 3413 mereri
944 3373 1036 3429 qnam
1058 3374 1109 3416 cos

158 3455 279 3524 amicos,
299 3454 353 3525 qui
373 3453 472 3510 dulces
489 3454 671 3524 videantur&
693 3453 761 3510 illos
776 3470 879 3511 ocium
895 3471 982 3527 saepe
997 3455 1102 3528 dicere,
1129 3465 1159 3511 30

158 3551 212 3609 bos
231 3547 423 3625 raramquam.'
467 3550 573 3625 Atque
592 3546 675 3607 illud
695 3547 875 3624 absurdum,
894 3549 978 3627 quod
993 3549 1033 3624 ei,
1052 3549 1108 3628 qui
